2800 4630
1362 374 1395 451 J
1450 385 1535 447 20

406 585 523 628 cur
579 563 778 648 igitur
828 564 954 628 hoc
1013 564 1160 629 loco
1215 564 1433 626 minor
1484 564 1642 643 fides
1696 562 1993 631 habenda
2050 565 2152 627 sit
2178 526 2603 649 Plutarcho?

402 670 661 733 Stobaei
700 658 902 734 enim
965 681 1213 748 aetate,
1269 668 1416 759 qui
1447 669 1613 730 vixit
1667 672 1863 754 paulo
1917 664 2064 734 ante
2122 681 2420 736 sextum
2433 679 2606 754 post

402 777 761 843 Christum.
778 779 1072 840 seculum
1095 780 1242 861 (37),
1287 780 1581 861 antiquas
1607 776 1863 839 Solonis
1889 778 2249 841 carminum
2279 776 2604 857 collecti-

405 904 586 963 ones,
613 885 668 944 si
712 884 1314 966 unquamffuerunt,
1356 885 1597 973 perisse
1631 881 2175 946 verisimillimum
2208 893 2339 959 est,
2372 882 2605 964 q¹uum

402 988 547 1061 ium.
577 992 641 1052 S.
679 990 1085 1071 Augustinus
1133 990 1523 1069 observarit,
1577 998 1820 1073 septem
1861 987 2184 1070 sapientes
2231 990 2398 1051 nihil
2448 1013 2602 1052 mo-

282 1104 306 1157 .’
400 1084 880 1176 numentorum,
903 1099 1080 1182 quod
1104 1101 1186 1162 ad
1204 1099 1449 1161 litteras
1471 1096 1755 1173 attineat,
1779 1094 2046 1178 posteris
2069 1095 2444 1176 reliquisse,
2460 1098 2605 1160 nisi

401 1202 577 1287 quod
607 1205 809 1265 Solon
841 1206 1151 1309 quasdam
1188 1204 1361 1289 leges
1420 1203 1923 1268 Atheniensibus
1956 1202 2206 1269 dedisse
2242 1204 2603 1289 perhibea-

401 1318 512 1375 tur
549 1311 702 1389 (38).
745 1310 975 1373 Obiter
1010 1313 1364 1375 notandum
1413 1320 1507 1375 est
1546 1311 1763 1375 seculo
1811 1309 2060 1370 decimo
2099 1311 2293 1371 tertio
2339 1330 2601 1394 paucas

279 1481 290 1489 ,
399 1426 649 1479 tantum
687 1416 996 1498 reliquias
1027 1427 1391 1498 poematum
1430 1416 1689 1480 Solonis
1732 1414 2087 1479 innotuisse
2124 1417 2269 1498 (59)
2356 1420 2603 1495 Quum

326 1584 331 1590 ,
384 1532 619 1593 ιειιιιοιιιι
643 1521 970 1604 Theognis
1002 1521 1224 1585 multis
1252 1524 1414 1587 locis
1452 1524 1678 1586 Soloni
1713 1521 2088 1607 simillimus
2119 1524 2223 1604 sit,
2261 1524 2599 1606 tempori-

401 1627 545 1705 bus,
573 1627 683 1687 ubi
718 1626 1082 1691 litterarum
1104 1631 1328 1692 minor
1369 1651 1523 1691 cura
1567 1630 1779 1691 habita
1812 1632 1931 1709 est,
1953 1626 2310 1715 ‘utriusque
2347 1627 2615 1713 poetae

401 1753 626 1799 versus
658 1732 852 1799 facile
896 1738 1271 1823 commutari
1312 1737 1712 1820 potuerunt.'
1774 1737 1973 1821 Atqui
2022 1736 2333 1798 Stobaeus
2374 1734 2594 1798 simili
2673 1774 2678 1781 ι

339 1834 343 1844 “
399 1839 804 1927 Theognidis
817 1840 1138 1923 farragine
1162 1887 1182 1921 ,
1213 1843 1426 1924 qualis
1458 1851 1555 1915 est
1584 1829 1931 1920 hodierna,
1967 1865 2117 1907 usus
2146 1863 2351 1925 eoque
2381 1842 2591 1905 modo

403 1945 852 2030 imprudenter
892 1948 1143 2010 furatus
1184 1969 1319 2019 esse
1366 1947 1627 2012 videtur
1668 1969 1889 2011 versus
1930 1948 2157 2010 Soloni
2199 1940 2519 2032 pioprios.⁸
2627 1991 2638 2004 ·

571 2053 769 2132 Quod·
823 2053 903 2116 ad
944 2076 1203 2116 sensnm
1251 2034 1449 2118 huius
1485 2055 1838 2139 fragmenti
1880 2057 2146 2134 attinet,
2204 2064 2452 2138 poeta,
2471 2051 2586 2115 di-

404 2159 633 2239 uitias,
676 2160 802 2240 ait,
859 2161 1130 2224 caducas
1184 2182 1260 2225 ac
1309 2152 1573 2244 fragiles
1628 2183 1804 2241 esse,
1876 2183 1998 2224 nec
2054 2180 2438 2246 quemquam
2475 2158 2584 2221 iis

347 2307 352 2317 ·
405 2267 839 2336 abundantem
877 2269 1250 2353 morborum
1301 2268 1406 2331 vel
1456 2267 1805 2338 senectutis
1841 2268 1952 2333 ‘vel
1993 2268 2218 2388 mortis
2257 2264 2623 2339 liberatioe‘

405 2397 557 2438 nem
594 2374 917 2437 redimere
957 2394 1159 2459 posse.
2103 2445 2114 2456 „
2627 2375 2634 2382 “

568 2483 895 2559 Alterum,
952 2483 1136 2545 cuius
1180 2484 1577 2546 mentionem
1618 2485 1932 2566 fecimus,
1993 2487 2455 2572 fragmentum,
2501 2483 2588 2546 de

300 2620 304 2624 ·
412 2589 639 2671 i‘niqua
730 2589 1104 2652 divitiarum
1180 2592 1637 2656 distributione
1717 2603 1784 2656 et
1839 2601 2254 2678 permanente
2331 2589 2589 2653 virtutis

412 2697 843 2781 praestantia,
888 2717 1018 2757 non
1064 2719 1201 2761 ιιιιο
1242 2699 1448 2761 solum
1496 2700 1640 2760 loco
1684 2699 1908 2763 Soloni
1955 2696 2338 2758 adscribitur
2377 2719 2411 2757 a
2437 2697 2591 2759 Plu-

413 2802 674 2882 tarebo,
719 2803 833 2865 sed
876 2813 1206 2887 praeterea
1250 2805 1451 2866 tribus
1495 2803 1635 2866 aliis
1671 2806 1833 2882 (40),
1878 2802 2111 2884 quibus
2152 2802 2466 2866 omuibus
2492 2802 2591 2867 bi·-

415 2911 485 2970 ni
530 2913 636 2972 vel
682 2907 850 2974 terni
884 2931 1105 2976 versus
1145 2899 1510 2978 laudantur.
1595 2912 1722 2972 Sed
1764 2911 1842 2971 ab
1886 2912 2111 2972 eodem
2153 2909 2270 2970 illo
2313 2911 2593 2984 Stobaeo

382 3001 485 3130 ¹hi
527 3038 792 3101 quoque
835 3017 1059 3083 versus
1094 3040 1213 3103 pro
1254 3017 1692 3100 Theognideis
1734 3017 2113 3097 laudantur,
2157 3026 2221 3081 et
2257 3015 2326 3124 in
2368 3017 2590 3080 Theo-

238 3253 256 3270 *
308 3297 316 3304 ,
384 3296 388 3302 ,
479 3252 606 3323 (37)
672 3254 737 3307 V.
774 3255 1009 3320 Heeren.
1047 3259 1330 3330 comment.
1367 3253 1437 3305 de
1459 3253 1723 3308 Fontibus
1752 3254 1936 3320 Eclog.
1955 3253 2036 3309 lo.
2057 3249 2355 3319 Stobaei5.
2376 3250 2468 3301 nl
2468 3264 2587 3318 ,sq.

483 3349 612 3418 (38)
680 3348 760 3400 De
789 3348 1010 3401 civitate
1048 3348 1150 3410 Dei
1193 3345 1536 3410 xv111‚25.

486 3437 610 3512 (39)
679 3439 895 3494 Nicetas
938 3442 1008 3500 de
1053 3419 1214 3496 rebus
1261 3450 1383 3524 post
1420 3459 1649 3516 expugn.
1691 3442 1807 3498 urb.
1842 3442 2001 3508 gestis
2050 3460 2098 3513 p.
2135 3442 2236 3508 375
2290 3439 2374 3491 ed.
2427 3434 2592 3491 Paris.

583 3559 589 3565 ·
617 3538 741 3598 Καὶ
795 3540 1037 3614 γράφειν
1096 3542 1277 3601 notit
1299 3559 1454 3610 ματ
1476 3559 1518 3593 α.
1568 3543 1590 3604 (
1623 3544 1732 3594 τὸν
1769 3535 2079 3608 Σόλωνα),
2148 3543 2251 3593 καὶ
2286 3533 2588 3592 διατωὲά·

619 3632 736 3695 ζειν
769 3629 1133 3698 Ἀθηναίους
1166 3638 1219 3698 ἐς
1253 3632 1586 3704 ἁβρυλίαν,
1624 3628 1706 3688 ων
1744 3630 1946 3693 ἔνια...
1990 3635 2083 3699 μὴ
2119 3619 2588 3708 παρασυρίν·

623 3743 718 3779 τα
752 3731 835 3793 τῷ
864 3728 1088 3804 χρόνου
1126 3713 1416 3797 ῥεύματι,
1425 3795 1432 3800 4
1476 3726 1693 3783 οὖτωσί
1729 3745 1843 3792 πως
1880 3721 2283 3792 ξυντέθηνται·
2316 3721 2426 3772 iam
2461 3718 2591 3771 sub-

628 3825 933 3900 sequuntur
968 3834 1149 3870 versus
1186 3818 1400 3890 aliquot
1432 3820 1661 3874 Solonis.
1777 3808 1796 3827 χ

493 3907 620 3982 (llo)
693 3897 878 3964 Solon.
919 3915 964 3965 3.
1001 3911 1067 3963 cf.
1105 3914 1188 3965 De
1226 3915 1357 3985 prof.
1393 3914 1451 3966 in
1488 3916 1685 3968 virtute
1719 3917 1769 3969 6.
1833 3916 1915 3967 De
1954 3931 2067 3983 cap.
2110 3925 2177 3964 ex
2213 3907 2446 3994 inimicis
2481 3905 2590 3990 uti-

620 4002 784 4058 litate
826 4022 903 4060 ιι.
942 4007 1025 4059 De
1057 4007 1440 4082 tranquilitate
1476 4007 1640 4062 animi
1684 4012 1761 4063 13.
1801 4010 2002 4075 Fragm.
2042 4006 2102 4071 ς’.

2387 4209 2396 4238 l
