2800 4630
1368 374 1434 438 V

310 578 511 675 lexit'
565 586 953 677 Socratem
973 630 1011 691 ,·
1066 597 1333 675 eodem
1390 624 1529 704 ego
1607 600 1723 675 tui
1797 596 2052 674 amore
2125 599 2482 675 incensus

306 756 523 808 eram
559 792 580 825 ‚
664 748 902 835 teque·
962 733 1394 838 gravissimo
1461 751 1540 808 et
1621 731 2086 808 sanctissimo
2164 732 2478 808 nomine

284 866 617 971 pietatis
664 865 751 943 in
799 885 1200 945 aeternum
1248 864 1686 955 venerabor.
1707 868 1723 879 '
1834 892 1846 923 τ
2117 866 2124 873 ’

514 1129 899 1232 Equidem
962 1130 1099 1206 has
1163 1129 1458 1206 Solonis
1512 1127 1875 1231 reliquias
1931 1127 2294 1233 poeticas,
2350 1153 2484 1201 au-

315 1278 526 1337 ctore
601 1262 1080 1367 potissimum
1141 1262 1534 1338 CAROLO
1607 1244 2144 1341 FRJDEmCQ
2206 1261 2488 1334 HEIN·

307 1395 657 1471 RICHIO
679 1451 700 1484 ‚
777 1394 1255 1498 approbante
1302 1393 1534 1469 etiam
1584 1392 2123 1469 FRIDERICO
2169 1394 2480 1468 THEO-

308 1526 613 1601 PHILO
685 1525 1251 1602 WELCKERO
1274 1583 1293 1615 ,
1362 1544 1697 1629 utroque
1760 1522 2186 1601 doctissimo
2266 1506 2483 1628 prae-

308 1673 617 1759 ceptore
645 1713 666 1746 ‚
720 1655 1150 1733 tractandas
1193 1629 1708 1765 susceperam:
1763 1654 2070 1732 decurri
2115 1656 2482 1761 spatium,

301 1811 709 1892 quousque
757 1786 1017 1890 potui,
1063 1778 1431 1891 'quamvis
1489 1786 1741 1865 medio
1806 1788 2197 1865 curriculo
2268 1785 2483 1863 haud

303 1917 535 1993 semel
606 1917 1166 2031 interpellatus»,
1237 1894 1471 2022 atque
1547 1918 1832 1994 iterum
1878 1893 2316 2022 iterumque
2380 1916 2483 1993 ad
2539 1986 2548 1995 ,

302 2072 640 2125 carceres
689 2067 1104 2156 revocatus.
1202 2048 1323 2125 Ad
1374 2051 1761 2125 calcemne
1826 2022 2302 2127 decurrerim
2364 2049 2485 2126 vel
2559 2098 2570 2103 -

306 2150 571 2283 poxtius
605 2179 1037 2257 accesserim
1059 2160 1109 2270 ‚'
1145 2179 1315 2255 aliis
1378 2178 1886 2287 iudicandum
1935 2181 2480 2279 committatur.

302 2312 621 2388 Nostrae
668 2309 988 2415 quidem
1049 2310 1501 2390 Academiae
1569 2313 2077 2421 amplissimus
2155 2313 2489 2390 Philoso-

308 2443 647 2557 phorum
735 2431 948 2524 Ordo
986 2502 1007 2534 ,
1092 2443 1314 2530 cuius
1374 2447 1753 2551 suffragiis
1825 2421 2084 2525 istum*
2132 2446 2488 2524 libellum

192 2629 201 2632 -
306 2561 832 2668 commiseram
849 2637 868 2667 ‚
943 2603 1126 2653 eum
1180 2576 1506 2682 dignum
1552 2571 2088 2688 proclamavit,
2161 2580 2300 2685 qui
2372 2598 2502 2692 ty-=

301 2708 424 2812 pis
471 2707 1043 2787 describeretur.
1143 2714 1268 2788 Tu
1314 2732 1578 2792 autem
1626 2714 2100 2817 divinatione
2149 2713 2488 2817 quadam

307 2838 497 2913 huic
553 2867 832 2946 operae,
877 2868 1087 2942 meae
1141 2844 1539 2922 indulsisse
1585 2846 1983 2940 videbaris,
2036 2876 2285 2953 quum
2348 2843 2499 2924 mi-

301 2971 389 3046 hi
444 2993 619 3055 ante
666 2973 805 3051 hos
850 2987 1191 3079 quatuor
1235 3004 1513 3070 annos,
1566 2979 1964 3084 Gymnasii
2013 2976 2286 3086 spatia
2317 2999 2488 3083 per·
2558 3024 2568 3032 ·

302 3117 625 3181 cursuro
651 3166 672 3199 ‚
745 3108 1231 3212 praeclarum
1294 3109 1497 3188 illud
1558 3097 1894 3201 Solonis}
1947 3111 2134 3208 Πρὶν
2183 3107 2273 3186 ἂν
2360 3139 2494 3184 τε-

165 3330 169 3334 ‚
298 3236 641 3337 λευτήσῃ,
694 3234 877 3332 μηδὲ
951 3227 1236 3315 καλέειν
1274 3251 1371 3313 κώ
1440 3237 1732 3344 ὄλβιον,
1810 3241 1909 3320 ad
1968 3264 2520 3323 commentam*

298 3364 493 3442 dum
565 3398 1030 3477 proponeres
1059 3432 1079 3462 ‚
1160 3373 1256 3449 de
1323 3404 1482 3479 quo
1545 3373 1759 3453 vobis
1823 3377 2197 3480 magistris
2253 3396 2486 3478 atque

281 3482 843 3605 'condiscipulis
888 3504 1416 3618 valedicturus*
1454 3508 1767 3616 publice
1834 3510 2355 3614 declamarem.

495 3759 640 3838 Sed
705 3763 928 3843 redeo
963 3826 982 3857 ,
1056 3769 1265 3850 unde
1344 3799 1647 3850 exorsus
1727 3802 1915 3850 sum.
2076 3771 2494 3881 Quidquid
2620 3809 2624 3820 ·

302 3894 446 3974 tibi
512 3897 797 4004 offero,
875 3927 1117 4007 aequo
1204 3905 1471 3983 animo
1527 3911 1892 4017 accipias,
1962 3935 2162 4010 ⁸neve
2235 3914 2496 4018 preces
