<?xml version="1.0" encoding="UTF-8"?>
<!DOCTYPE html PUBLIC "-//W3C//DTD XHTML 1.0 Transitional//EN"
    "http://www.w3.org/TR/xhtml1/DTD/xhtml1-transitional.dtd">
<html xmlns="http://www.w3.org/1999/xhtml" xml:lang="en" lang="en">
 <head>
  <title>
</title>
<meta http-equiv="Content-Type" content="text/html;charset=utf-8" />
  <meta name='ocr-system' content='tesseract 3.04.00' />
  <meta name='ocr-capabilities' content='ocr_page ocr_carea ocr_par ocr_line ocrx_word'/>
</head>
<body>
  <div class='ocr_page' id='page_1' title='image "./carminumquaesup02sologoog_0071.png"; bbox 0 0 2800 4630; ppageno 0'>
   <div class='ocr_carea' id='block_1_1' title="bbox 1270 346 1357 410">
    <p class='ocr_par' dir='ltr' id='par_1_1' title="bbox 1270 346 1357 410">
     <span class='ocr_line' id='line_1_1' title="bbox 1270 346 1357 410; baseline 0.023 -2"><span class='ocrx_word' id='word_1_1' title='bbox 1270 346 1357 410; x_wconf 61' lang='lat'><strong>4⁷</strong></span> 
     </span>
    </p>
   </div>
   <div class='ocr_carea' id='block_1_2' title="bbox 154 510 2417 3069">
    <p class='ocr_par' dir='ltr' id='par_1_2' title="bbox 154 510 2414 1040">
     <span class='ocr_line' id='line_1_2' title="bbox 154 510 2410 610; baseline 0 -18"><span class='ocrx_word' id='word_1_2' title='bbox 154 586 169 599; x_wconf 87' lang='grc'><strong><em>,</em></strong></span> <span class='ocrx_word' id='word_1_3' title='bbox 226 522 404 592; x_wconf 78' lang='lat' dir='ltr'><strong>sines</strong></span> <span class='ocrx_word' id='word_1_4' title='bbox 444 521 766 590; x_wconf 71' lang='lat' dir='ltr'><strong>=accurate</strong></span> <span class='ocrx_word' id='word_1_5' title='bbox 822 524 1269 609; x_wconf 48' lang='lat' dir='ltr'><strong>dael-ipsein</strong></span> <span class='ocrx_word' id='word_1_6' title='bbox 1325 546 1520 587; x_wconf 84' lang='lat' dir='ltr'><strong>nemo</strong></span> <span class='ocrx_word' id='word_1_7' title='bbox 1579 510 1950 608; x_wconf 81' lang='lat' dir='ltr'><strong>intelligere</strong></span> <span class='ocrx_word' id='word_1_8' title='bbox 1991 536 2198 610; x_wconf 78' lang='lat' dir='ltr'><strong>potest</strong></span> <span class='ocrx_word' id='word_1_9' title='bbox 2213 554 2230 600; x_wconf 72' lang='grc' dir='ltr'><strong><em>ς</em></strong></span> <span class='ocrx_word' id='word_1_10' title='bbox 2287 551 2410 592; x_wconf 87' lang='lat' dir='ltr'><strong>nec</strong></span> 
     </span>
     <span class='ocr_line' id='line_1_3' title="bbox 226 614 2407 714; baseline -0.001 -14"><span class='ocrx_word' id='word_1_11' title='bbox 226 614 395 702; x_wconf 56' lang='lat' dir='ltr'><strong>sami</strong></span> <span class='ocrx_word' id='word_1_12' title='bbox 433 636 1119 709; x_wconf 59' lang='lat' dir='ltr'><strong>semei-emunctam,</strong></span> <span class='ocrx_word' id='word_1_13' title='bbox 1176 632 1468 705; x_wconf 60' lang='lat' dir='ltr'><strong>Asnam,</strong></span> <span class='ocrx_word' id='word_1_14' title='bbox 1507 636 1880 714; x_wconf 69' lang='lat' dir='ltr'><strong>eekkemm,</strong></span> <span class='ocrx_word' id='word_1_15' title='bbox 1940 637 2134 713; x_wconf 54' lang='lat' dir='ltr'><strong>qnos,</strong></span> <span class='ocrx_word' id='word_1_16' title='bbox 2192 647 2407 698; x_wconf 68' lang='lat' dir='ltr'><strong>aucto-</strong></span> 
     </span>
     <span class='ocr_line' id='line_1_4' title="bbox 227 740 2407 823; baseline -0.003 -14"><span class='ocrx_word' id='word_1_17' title='bbox 227 764 344 809; x_wconf 83' lang='lat' dir='ltr'><strong>res</strong></span> <span class='ocrx_word' id='word_1_18' title='bbox 375 744 518 806; x_wconf 88' lang='lat' dir='ltr'><strong>sine</strong></span> <span class='ocrx_word' id='word_1_19' title='bbox 554 741 757 803; x_wconf 88' lang='lat' dir='ltr'><strong>dubio</strong></span> <span class='ocrx_word' id='word_1_20' title='bbox 785 740 1210 823; x_wconf 81' lang='lat' dir='ltr'><strong>gravissimos,</strong></span> <span class='ocrx_word' id='word_1_21' title='bbox 1242 741 1370 802; x_wconf 85' lang='lat' dir='ltr'><strong>tale</strong></span> <span class='ocrx_word' id='word_1_22' title='bbox 1389 741 1722 823; x_wconf 74' lang='lat' dir='ltr'><strong>quippiam</strong></span> <span class='ocrx_word' id='word_1_23' title='bbox 1751 743 2092 804; x_wconf 84' lang='lat' dir='ltr'><strong>offendisse</strong></span> <span class='ocrx_word' id='word_1_24' title='bbox 2127 743 2407 821; x_wconf 73' lang='lat' dir='ltr'><strong>videtur,</strong></span> 
     </span>
     <span class='ocr_line' id='line_1_5' title="bbox 230 850 2414 936; baseline -0 -24"><span class='ocrx_word' id='word_1_25' title='bbox 230 853 485 936; x_wconf 87' lang='lat' dir='ltr'><strong>quippe</strong></span> <span class='ocrx_word' id='word_1_26' title='bbox 540 850 658 932; x_wconf 89' lang='lat' dir='ltr'><strong>qni</strong></span> <span class='ocrx_word' id='word_1_27' title='bbox 716 851 796 909; x_wconf 83' lang='lat' dir='ltr'><strong>ad</strong></span> <span class='ocrx_word' id='word_1_28' title='bbox 857 869 1063 910; x_wconf 87' lang='lat' dir='ltr'><strong>unum</strong></span> <span class='ocrx_word' id='word_1_29' title='bbox 1118 870 1342 913; x_wconf 85' lang='lat' dir='ltr'><strong>omnes</strong></span> <span class='ocrx_word' id='word_1_30' title='bbox 1400 856 1689 907; x_wconf 84' lang='lat' dir='ltr'><strong>nostrum</strong></span> <span class='ocrx_word' id='word_1_31' title='bbox 1748 850 2066 929; x_wconf 83' lang='lat' dir='ltr'><strong>germanis</strong></span> <span class='ocrx_word' id='word_1_32' title='bbox 2123 850 2414 912; x_wconf 77' lang='lat' dir='ltr'><strong>Platonis</strong></span> 
     </span>
     <span class='ocr_line' id='line_1_6' title="bbox 230 953 2412 1040; baseline -0.003 -19"><span class='ocrx_word' id='word_1_33' title='bbox 230 959 495 1040; x_wconf 85' lang='lat' dir='ltr'><strong>scriptis</strong></span> <span class='ocrx_word' id='word_1_34' title='bbox 551 957 903 1017; x_wconf 75' lang='lat' dir='ltr'>attribuere</span> <span class='ocrx_word' id='word_1_35' title='bbox 958 976 1295 1036; x_wconf 85' lang='lat' dir='ltr'><strong>nunquam</strong></span> <span class='ocrx_word' id='word_1_36' title='bbox 1348 953 1789 1016; x_wconf 76' lang='lat' dir='ltr'>dubitaverint</span> <span class='ocrx_word' id='word_1_37' title='bbox 1818 956 1962 1031; x_wconf 82' lang='lat'><strong>(86).</strong></span> <span class='ocrx_word' id='word_1_38' title='bbox 2038 959 2173 1020; x_wconf 78' lang='lat' dir='ltr'><strong>Nec</strong></span> <span class='ocrx_word' id='word_1_39' title='bbox 2222 957 2412 1019; x_wconf 89' lang='lat' dir='ltr'><strong>deni-</strong></span> 
     </span>
    </p>

    <p class='ocr_par' dir='ltr' id='par_1_3' title="bbox 182 1061 2415 1361">
     <span class='ocr_line' id='line_1_7' title="bbox 182 1061 2412 1148; baseline -0 -22"><span class='ocrx_word' id='word_1_40' title='bbox 182 1066 191 1079; x_wconf 67' lang='lat'><em>*</em></span> <span class='ocrx_word' id='word_1_41' title='bbox 230 1088 369 1148; x_wconf 77' lang='lat' dir='ltr'><strong>que</strong></span> <span class='ocrx_word' id='word_1_42' title='bbox 414 1065 613 1124; x_wconf 89' lang='lat' dir='ltr'><strong>iidem</strong></span> <span class='ocrx_word' id='word_1_43' title='bbox 653 1062 777 1122; x_wconf 80' lang='lat' dir='ltr'><strong>viri</strong></span> <span class='ocrx_word' id='word_1_44' title='bbox 814 1066 1155 1145; x_wconf 83' lang='lat' dir='ltr'><strong>penuriam</strong></span> <span class='ocrx_word' id='word_1_45' title='bbox 1198 1061 1460 1121; x_wconf 87' lang='lat' dir='ltr'><strong>dicendi</strong></span> <span class='ocrx_word' id='word_1_46' title='bbox 1495 1062 1936 1141; x_wconf 86' lang='lat' dir='ltr'><strong>flosculorum,</strong></span> <span class='ocrx_word' id='word_1_47' title='bbox 1979 1065 2203 1145; x_wconf 83' lang='lat' dir='ltr'><strong>quales</strong></span> <span class='ocrx_word' id='word_1_48' title='bbox 2241 1064 2412 1147; x_wconf 80' lang='lat' dir='ltr'><strong>apud</strong></span> 
     </span>
     <span class='ocr_line' id='line_1_8' title="bbox 228 1168 2415 1245; baseline -0.001 -10"><span class='ocrx_word' id='word_1_49' title='bbox 228 1174 581 1235; x_wconf 86' lang='lat' dir='ltr'><strong>Platonem</strong></span> <span class='ocrx_word' id='word_1_50' title='bbox 621 1168 921 1230; x_wconf 87' lang='lat' dir='ltr'><strong>admirari</strong></span> <span class='ocrx_word' id='word_1_51' title='bbox 962 1171 1302 1245; x_wconf 83' lang='lat' dir='ltr'><strong>soleamus,</strong></span> <span class='ocrx_word' id='word_1_52' title='bbox 1342 1169 1616 1232; x_wconf 73' lang='lat' dir='ltr'><strong>sensisse</strong></span> <span class='ocrx_word' id='word_1_53' title='bbox 1657 1169 1977 1231; x_wconf 75' lang='lat' dir='ltr'><strong>videntur.</strong></span> <span class='ocrx_word' id='word_1_54' title='bbox 2050 1171 2190 1230; x_wconf 79' lang='lat' dir='ltr'><strong>Non</strong></span> <span class='ocrx_word' id='word_1_55' title='bbox 2236 1171 2415 1232; x_wconf 88' lang='lat' dir='ltr'><strong>enim</strong></span> 
     </span>
     <span class='ocr_line' id='line_1_9' title="bbox 231 1276 2412 1361; baseline -0.001 -18"><span class='ocrx_word' id='word_1_56' title='bbox 231 1280 518 1357; x_wconf 84' lang='lat' dir='ltr'><strong>sufficit,</strong></span> <span class='ocrx_word' id='word_1_57' title='bbox 573 1299 642 1340; x_wconf 92' lang='lat' dir='ltr'><strong>se</strong></span> <span class='ocrx_word' id='word_1_58' title='bbox 699 1276 955 1360; x_wconf 83' lang='lat' dir='ltr'><strong>aliquid</strong></span> <span class='ocrx_word' id='word_1_59' title='bbox 1005 1276 1373 1337; x_wconf 74' lang='lat' dir='ltr'><strong>desiderare</strong></span> <span class='ocrx_word' id='word_1_60' title='bbox 1433 1276 1686 1361; x_wconf 83' lang='lat' dir='ltr'><strong>opinari</strong></span> <span class='ocrx_word' id='word_1_61' title='bbox 1742 1278 2140 1360; x_wconf 86' lang='lat' dir='ltr'><strong>quempiam,</strong></span> <span class='ocrx_word' id='word_1_62' title='bbox 2215 1277 2412 1340; x_wconf 78' lang='lat' dir='ltr'><strong>instas</strong></span> 
     </span>
    </p>

    <p class='ocr_par' dir='ltr' id='par_1_4' title="bbox 160 1384 2413 1663">
     <span class='ocr_line' id='line_1_10' title="bbox 190 1384 2413 1495; baseline -0.002 -47.067"><span class='ocrx_word' id='word_1_63' title='bbox 190 1386 471 1495; x_wconf 59' lang='lat' dir='ltr'><strong>,reddat</strong></span> <span class='ocrx_word' id='word_1_64' title='bbox 508 1384 794 1446; x_wconf 87' lang='lat' dir='ltr'><strong>rationes</strong></span> <span class='ocrx_word' id='word_1_65' title='bbox 834 1403 1097 1457; x_wconf 78' lang='lat' dir='ltr'><strong>necesse</strong></span> <span class='ocrx_word' id='word_1_66' title='bbox 1139 1391 1269 1461; x_wconf 88' lang='lat' dir='ltr'><strong>est,</strong></span> <span class='ocrx_word' id='word_1_67' title='bbox 1328 1384 1705 1465; x_wconf 83' lang='lat' dir='ltr'><strong>praesertim</strong></span> <span class='ocrx_word' id='word_1_68' title='bbox 1745 1385 1857 1446; x_wconf 83' lang='lat' dir='ltr'><strong>ubi</strong></span> <span class='ocrx_word' id='word_1_69' title='bbox 1897 1385 2092 1446; x_wconf 71' lang='lat' dir='ltr'><strong>totius</strong></span> <span class='ocrx_word' id='word_1_70' title='bbox 2133 1384 2413 1465; x_wconf 60' lang='lat' dir='ltr'><strong>antiqui-3</strong></span> 
     </span>
     <span class='ocr_line' id='line_1_11' title="bbox 233 1489 2408 1575; baseline -0.001 -21"><span class='ocrx_word' id='word_1_71' title='bbox 233 1493 386 1554; x_wconf 84' lang='lat' dir='ltr'><strong>tatis</strong></span> <span class='ocrx_word' id='word_1_72' title='bbox 440 1501 737 1553; x_wconf 81' lang='lat' dir='ltr'><strong>auctores</strong></span> <span class='ocrx_word' id='word_1_73' title='bbox 777 1489 1135 1574; x_wconf 76' lang='lat' dir='ltr'><strong>gravissimi</strong></span> <span class='ocrx_word' id='word_1_74' title='bbox 1188 1489 1259 1551; x_wconf 92' lang='lat' dir='ltr'><strong>in</strong></span> <span class='ocrx_word' id='word_1_75' title='bbox 1306 1491 1698 1554; x_wconf 78' lang='lat' dir='ltr'><strong>vindicando</strong></span> <span class='ocrx_word' id='word_1_76' title='bbox 1755 1493 1976 1575; x_wconf 89' lang='lat' dir='ltr'><strong>aliquo</strong></span> <span class='ocrx_word' id='word_1_77' title='bbox 2021 1490 2190 1552; x_wconf 82' lang='lat' dir='ltr'><strong>libro</strong></span> <span class='ocrx_word' id='word_1_78' title='bbox 2246 1513 2408 1552; x_wconf 86' lang='lat' dir='ltr'><strong>con-</strong></span> 
     </span>
     <span class='ocr_line' id='line_1_12' title="bbox 230 1600 541 1663; baseline -0.01 0"><span class='ocrx_word' id='word_1_79' title='bbox 230 1600 541 1663; x_wconf 84' lang='lat' dir='ltr'><strong>sentiant.</strong></span> 
     </span>
    </p>

    <p class='ocr_par' dir='ltr' id='par_1_5' title="bbox 174 1704 2410 2325">
     <span class='ocr_line' id='line_1_13' title="bbox 174 1704 2409 1782; baseline 0 -15"><span class='ocrx_word' id='word_1_80' title='bbox 174 1770 199 1782; x_wconf 59' lang='lat'><em>,</em></span> <span class='ocrx_word' id='word_1_81' title='bbox 403 1706 675 1767; x_wconf 81' lang='lat' dir='ltr'><strong>Praeter</strong></span> <span class='ocrx_word' id='word_1_82' title='bbox 704 1704 1087 1767; x_wconf 78' lang='lat' dir='ltr'><strong>Strabonem</strong></span> <span class='ocrx_word' id='word_1_83' title='bbox 1113 1716 1181 1769; x_wconf 88' lang='lat' dir='ltr'><strong>et</strong></span> <span class='ocrx_word' id='word_1_84' title='bbox 1214 1705 1638 1771; x_wconf 78' lang='lat' dir='ltr'><strong>Plutarchum</strong></span> <span class='ocrx_word' id='word_1_85' title='bbox 1675 1707 1820 1769; x_wconf 82' lang='lat' dir='ltr'><strong>bini</strong></span> <span class='ocrx_word' id='word_1_86' title='bbox 1862 1707 2171 1770; x_wconf 86' lang='lat' dir='ltr'><strong>ecclesiae</strong></span> <span class='ocrx_word' id='word_1_87' title='bbox 2187 1711 2409 1771; x_wconf 81' lang='lat' dir='ltr'><strong>Patres</strong></span> 
     </span>
     <span class='ocr_line' id='line_1_14' title="bbox 239 1799 2409 1899; baseline -0.002 -24"><span class='ocrx_word' id='word_1_88' title='bbox 239 1814 331 1875; x_wconf 84' lang='lat' dir='ltr'><strong>‹le</strong></span> <span class='ocrx_word' id='word_1_89' title='bbox 376 1810 702 1872; x_wconf 75' lang='lat' dir='ltr'><strong>Atlantide</strong></span> <span class='ocrx_word' id='word_1_90' title='bbox 742 1812 1058 1894; x_wconf 85' lang='lat' dir='ltr'><strong>quaedam</strong></span> <span class='ocrx_word' id='word_1_91' title='bbox 1101 1814 1552 1892; x_wconf 82' lang='lat' dir='ltr'><strong>tradiderunt,</strong></span> <span class='ocrx_word' id='word_1_92' title='bbox 1594 1836 1871 1899; x_wconf 88' lang='lat' dir='ltr'><strong>quorum</strong></span> <span class='ocrx_word' id='word_1_93' title='bbox 1920 1814 2141 1897; x_wconf 90' lang='lat' dir='ltr'><strong>prior,</strong></span> <span class='ocrx_word' id='word_1_94' title='bbox 2200 1799 2409 1873; x_wconf 72' lang='lat' dir='ltr'><strong>Julius</strong></span> 
     </span>
     <span class='ocr_line' id='line_1_15' title="bbox 242 1904 2408 2003; baseline 0.001 -26"><span class='ocrx_word' id='word_1_95' title='bbox 242 1904 584 1999; x_wconf 53' lang='lat' dir='ltr'><strong>Africanus</strong></span> <span class='ocrx_word' id='word_1_96' title='bbox 600 1960 628 1990; x_wconf 86' lang='lat'><em>,</em></span> <span class='ocrx_word' id='word_1_97' title='bbox 682 1917 752 1977; x_wconf 91' lang='lat' dir='ltr'><strong>in</strong></span> <span class='ocrx_word' id='word_1_98' title='bbox 793 1914 978 1982; x_wconf 68' lang='lat' dir='ltr'><strong>libris</strong></span> <span class='ocrx_word' id='word_1_99' title='bbox 1018 1919 1590 2003; x_wconf 85' lang='lat' dir='ltr'><strong>Chronographiae</strong></span> <span class='ocrx_word' id='word_1_100' title='bbox 1638 1922 2021 1984; x_wconf 81' lang='lat' dir='ltr'><strong>immensum</strong></span> <span class='ocrx_word' id='word_1_101' title='bbox 2067 1922 2252 1983; x_wconf 87' lang='lat' dir='ltr'><strong>illum</strong></span> <span class='ocrx_word' id='word_1_102' title='bbox 2298 1943 2408 1980; x_wconf 91' lang='lat' dir='ltr'><strong>an-</strong></span> 
     </span>
     <span class='ocr_line' id='line_1_16' title="bbox 239 2008 2410 2110; baseline 0.002 -26"><span class='ocrx_word' id='word_1_103' title='bbox 239 2044 475 2086; x_wconf 86' lang='lat' dir='ltr'><strong>norum</strong></span> <span class='ocrx_word' id='word_1_104' title='bbox 512 2008 894 2104; x_wconf 62' lang='lat' dir='ltr'><strong>numerum,</strong></span> <span class='ocrx_word' id='word_1_105' title='bbox 935 2049 1148 2110; x_wconf 86' lang='lat' dir='ltr'><strong>quem·</strong></span> <span class='ocrx_word' id='word_1_106' title='bbox 1165 2038 1356 2110; x_wconf 67' lang='lat' dir='ltr'><strong>supra</strong></span> <span class='ocrx_word' id='word_1_107' title='bbox 1404 2025 1863 2103; x_wconf 79' lang='lat' dir='ltr'><strong>indicavimus,</strong></span> <span class='ocrx_word' id='word_1_108' title='bbox 1907 2048 1944 2086; x_wconf 89' lang='lat' dir='ltr'><strong>a</strong></span> <span class='ocrx_word' id='word_1_109' title='bbox 1976 2028 2410 2090; x_wconf 84' lang='lat' dir='ltr'><strong>sacerdotibus</strong></span> 
     </span>
     <span class='ocr_line' id='line_1_17' title="bbox 227 2130 2409 2215; baseline -0.001 -21"><span class='ocrx_word' id='word_1_110' title='bbox 227 2131 642 2215; x_wconf 75' lang='lat' dir='ltr'><strong>Aegyptiacis</strong></span> <span class='ocrx_word' id='word_1_111' title='bbox 701 2132 993 2194; x_wconf 85' lang='lat' dir='ltr'><strong>effictum</strong></span> <span class='ocrx_word' id='word_1_112' title='bbox 1053 2154 1189 2194; x_wconf 86' lang='lat' dir='ltr'><strong>esse</strong></span> <span class='ocrx_word' id='word_1_113' title='bbox 1243 2130 1561 2214; x_wconf 76' lang='lat' dir='ltr'><strong>judicavit</strong></span> <span class='ocrx_word' id='word_1_114' title='bbox 1586 2131 1708 2211; x_wconf 77' lang='lat'>(87)</span> <span class='ocrx_word' id='word_1_115' title='bbox 1728 2154 1746 2201; x_wconf 80' lang='lat'><em>3</em></span> <span class='ocrx_word' id='word_1_116' title='bbox 1812 2132 2012 2208; x_wconf 81' lang='lat' dir='ltr'><strong>alter,</strong></span> <span class='ocrx_word' id='word_1_117' title='bbox 2063 2134 2409 2210; x_wconf 75' lang='lat' dir='ltr'><strong>Eusebius,</strong></span> 
     </span>
     <span class='ocr_line' id='line_1_18' title="bbox 228 2239 2409 2325; baseline 0.001 -27"><span class='ocrx_word' id='word_1_118' title='bbox 228 2248 496 2325; x_wconf 85' lang='lat' dir='ltr'><strong>praeter</strong></span> <span class='ocrx_word' id='word_1_119' title='bbox 526 2258 669 2299; x_wconf 84' lang='lat' dir='ltr'><strong>rem</strong></span> <span class='ocrx_word' id='word_1_120' title='bbox 716 2240 919 2324; x_wconf 78' lang='lat' dir='ltr'><strong>ipsam</strong></span> <span class='ocrx_word' id='word_1_121' title='bbox 968 2239 1140 2302; x_wconf 82' lang='lat' dir='ltr'><strong>nihil</strong></span> <span class='ocrx_word' id='word_1_122' title='bbox 1176 2239 1508 2325; x_wconf 80' lang='lat' dir='ltr'><strong>peculiare</strong></span> <span class='ocrx_word' id='word_1_123' title='bbox 1567 2239 1916 2302; x_wconf 84' lang='lat' dir='ltr'><strong>memoriae</strong></span> <span class='ocrx_word' id='word_1_124' title='bbox 1962 2239 2247 2324; x_wconf 76' lang='lat' dir='ltr'><strong>prodidit</strong></span> <span class='ocrx_word' id='word_1_125' title='bbox 2266 2240 2409 2319; x_wconf 79' lang='lat'><strong>(88).</strong></span> 
     </span>
    </p>

    <p class='ocr_par' dir='ltr' id='par_1_6' title="bbox 228 2348 2417 2752">
     <span class='ocr_line' id='line_1_19' title="bbox 400 2348 2412 2435; baseline 0 -26"><span class='ocrx_word' id='word_1_126' title='bbox 400 2348 728 2410; x_wconf 85' lang='lat' dir='ltr'><strong>Iudicium</strong></span> <span class='ocrx_word' id='word_1_127' title='bbox 752 2349 836 2411; x_wconf 91' lang='lat' dir='ltr'><strong>de</strong></span> <span class='ocrx_word' id='word_1_128' title='bbox 862 2350 1191 2413; x_wconf 81' lang='lat' dir='ltr'><strong>Atlantide</strong></span> <span class='ocrx_word' id='word_1_129' title='bbox 1221 2350 1398 2413; x_wconf 90' lang='lat' dir='ltr'><strong>inter</strong></span> <span class='ocrx_word' id='word_1_130' title='bbox 1428 2350 1785 2435; x_wconf 80' lang='lat' dir='ltr'><strong>permultos</strong></span> <span class='ocrx_word' id='word_1_131' title='bbox 1813 2348 2158 2430; x_wconf 82' lang='lat' dir='ltr'><strong>scriptores</strong></span> <span class='ocrx_word' id='word_1_132' title='bbox 2186 2369 2412 2410; x_wconf 84' lang='lat' dir='ltr'><strong>recen·</strong></span> 
     </span>
     <span class='ocr_line' id='line_1_20' title="bbox 229 2451 2413 2539; baseline -0.001 -23"><span class='ocrx_word' id='word_1_133' title='bbox 229 2455 811 2538; x_wconf 86' lang='lat' dir='ltr'><strong>tiores,·imprimis</strong></span> <span class='ocrx_word' id='word_1_134' title='bbox 834 2455 1379 2539; x_wconf 82' lang='lat' dir='ltr'><strong>Francogallicos,</strong></span> <span class='ocrx_word' id='word_1_135' title='bbox 1412 2455 1839 2518; x_wconf 82' lang='lat' dir='ltr'><strong>rectissimum</strong></span> <span class='ocrx_word' id='word_1_136' title='bbox 1871 2452 2211 2534; x_wconf 82' lang='lat' dir='ltr'><strong>reliquisse</strong></span> <span class='ocrx_word' id='word_1_137' title='bbox 2240 2451 2413 2532; x_wconf 74' lang='lat' dir='ltr'><strong>vide·</strong></span> 
     </span>
     <span class='ocr_line' id='line_1_21' title="bbox 228 2560 2417 2645; baseline -0.002 -22"><span class='ocrx_word' id='word_1_138' title='bbox 228 2561 851 2636; x_wconf 43' lang='lat' dir='ltr'><strong>tur‘Hissmannus,</strong></span> <span class='ocrx_word' id='word_1_139' title='bbox 896 2562 1013 2645; x_wconf 82' lang='lat' dir='ltr'><strong>qui</strong></span> <span class='ocrx_word' id='word_1_140' title='bbox 1056 2562 1126 2622; x_wconf 92' lang='lat' dir='ltr'><strong>in</strong></span> <span class='ocrx_word' id='word_1_141' title='bbox 1171 2561 1607 2624; x_wconf 80' lang='lat' dir='ltr'><strong>additamento</strong></span> <span class='ocrx_word' id='word_1_142' title='bbox 1648 2563 1730 2624; x_wconf 86' lang='lat' dir='ltr'><strong>ad</strong></span> <span class='ocrx_word' id='word_1_143' title='bbox 1765 2562 2005 2623; x_wconf 82' lang='lat' dir='ltr'><strong>librum</strong></span> <span class='ocrx_word' id='word_1_144' title='bbox 2046 2579 2239 2643; x_wconf 83' lang='lat' dir='ltr'><strong>supra</strong></span> <span class='ocrx_word' id='word_1_145' title='bbox 2278 2560 2417 2620; x_wconf 84' lang='lat' dir='ltr'><strong>lau·</strong></span> 
     </span>
     <span class='ocr_line' id='line_1_22' title="bbox 232 2666 2412 2752; baseline -0.004 -21"><span class='ocrx_word' id='word_1_146' title='bbox 232 2669 465 2731; x_wconf 82' lang='lat' dir='ltr'><strong>datum</strong></span> <span class='ocrx_word' id='word_1_147' title='bbox 505 2676 602 2752; x_wconf 81' lang='lat' dir='ltr'><strong>(p.</strong></span> <span class='ocrx_word' id='word_1_148' title='bbox 652 2670 768 2747; x_wconf 74' lang='lat'><strong>184</strong></span> <span class='ocrx_word' id='word_1_149' title='bbox 808 2669 1003 2752; x_wconf 75' lang='lat' dir='ltr'><strong>sqq.),</strong></span> <span class='ocrx_word' id='word_1_150' title='bbox 1045 2689 1477 2752; x_wconf 84' lang='lat' dir='ltr'><strong>quaecunque</strong></span> <span class='ocrx_word' id='word_1_151' title='bbox 1504 2668 1677 2752; x_wconf 91' lang='lat' dir='ltr'><strong>apud</strong></span> <span class='ocrx_word' id='word_1_152' title='bbox 1701 2669 2038 2731; x_wconf 87' lang='lat' dir='ltr'><strong>Platonem</strong></span> <span class='ocrx_word' id='word_1_153' title='bbox 2069 2666 2150 2727; x_wconf 89' lang='lat' dir='ltr'><strong>de</strong></span> <span class='ocrx_word' id='word_1_154' title='bbox 2190 2666 2412 2725; x_wconf 83' lang='lat' dir='ltr'><strong>Atlan-</strong></span> 
     </span>
    </p>

    <p class='ocr_par' dir='ltr' id='par_1_7' title="bbox 178 2756 2411 3069">
     <span class='ocr_line' id='line_1_23' title="bbox 178 2756 2407 2860; baseline -0.006 -18"><span class='ocrx_word' id='word_1_155' title='bbox 178 2833 191 2842; x_wconf 84' lang='grc'><strong>.</strong></span> <span class='ocrx_word' id='word_1_156' title='bbox 222 2775 367 2837; x_wconf 78' lang='lat' dir='ltr'><strong>tide</strong></span> <span class='ocrx_word' id='word_1_157' title='bbox 411 2777 765 2855; x_wconf 77' lang='lat' dir='ltr'><strong>tradantur,</strong></span> <span class='ocrx_word' id='word_1_158' title='bbox 809 2798 884 2839; x_wconf 84' lang='lat' dir='ltr'><strong>ea</strong></span> <span class='ocrx_word' id='word_1_159' title='bbox 916 2777 1224 2838; x_wconf 89' lang='lat' dir='ltr'><strong>Solonem</strong></span> <span class='ocrx_word' id='word_1_160' title='bbox 1254 2756 1488 2860; x_wconf 85' lang='lat' dir='ltr'><strong>partim</strong></span> <span class='ocrx_word' id='word_1_161' title='bbox 1532 2776 1720 2859; x_wconf 86' lang='lat' dir='ltr'><strong>epico</strong></span> <span class='ocrx_word' id='word_1_162' title='bbox 1776 2775 2059 2858; x_wconf 79' lang='lat' dir='ltr'><strong>carmine</strong></span> <span class='ocrx_word' id='word_1_163' title='bbox 2120 2770 2407 2853; x_wconf 88' lang='lat' dir='ltr'><strong>comple-</strong></span> 
     </span>
     <span class='ocr_line' id='line_1_24' title="bbox 225 2877 2411 2964; baseline -0.001 -21"><span class='ocrx_word' id='word_1_164' title='bbox 225 2881 457 2943; x_wconf 87' lang='lat' dir='ltr'><strong>ctendi</strong></span> <span class='ocrx_word' id='word_1_165' title='bbox 513 2882 773 2943; x_wconf 86' lang='lat' dir='ltr'><strong>initium</strong></span> <span class='ocrx_word' id='word_1_166' title='bbox 816 2881 1079 2960; x_wconf 87' lang='lat' dir='ltr'><strong>fecisse,</strong></span> <span class='ocrx_word' id='word_1_167' title='bbox 1140 2882 1374 2964; x_wconf 86' lang='lat' dir='ltr'><strong>partim</strong></span> <span class='ocrx_word' id='word_1_168' title='bbox 1428 2881 1498 2941; x_wconf 92' lang='lat' dir='ltr'><strong>in</strong></span> <span class='ocrx_word' id='word_1_169' title='bbox 1541 2880 2025 2943; x_wconf 78' lang='lat' dir='ltr'><strong>adumbratione</strong></span> <span class='ocrx_word' id='word_1_170' title='bbox 2066 2877 2411 2960; x_wconf 88' lang='lat' dir='ltr'><strong>reliquisse</strong></span> 
     </span>
     <span class='ocr_line' id='line_1_25' title="bbox 227 2983 2408 3069; baseline -0.003 -18"><span class='ocrx_word' id='word_1_171' title='bbox 227 2988 553 3053; x_wconf 81' lang='lat' dir='ltr'><strong>enuntiat.</strong></span> <span class='ocrx_word' id='word_1_172' title='bbox 604 2988 822 3048; x_wconf 79' lang='lat' dir='ltr'><strong>Astius</strong></span> <span class='ocrx_word' id='word_1_173' title='bbox 864 3008 941 3047; x_wconf 89' lang='lat' dir='ltr'><strong>ea</strong></span> <span class='ocrx_word' id='word_1_174' title='bbox 981 2987 1247 3068; x_wconf 85' lang='lat' dir='ltr'><strong>quidem</strong></span> <span class='ocrx_word' id='word_1_175' title='bbox 1283 2987 1352 3048; x_wconf 92' lang='lat' dir='ltr'><strong>in</strong></span> <span class='ocrx_word' id='word_1_176' title='bbox 1394 3006 1468 3049; x_wconf 90' lang='lat' dir='ltr'><strong>re</strong></span> <span class='ocrx_word' id='word_1_177' title='bbox 1510 2997 1764 3049; x_wconf 78' lang='lat' dir='ltr'><strong>nostrae</strong></span> <span class='ocrx_word' id='word_1_178' title='bbox 1805 2983 2103 3069; x_wconf 87' lang='lat' dir='ltr'><strong>opinioni</strong></span> <span class='ocrx_word' id='word_1_179' title='bbox 2138 2985 2408 3062; x_wconf 87' lang='lat' dir='ltr'><strong>accedit,</strong></span> 
     </span>
    </p>
   </div>
   <div class='ocr_carea' id='block_1_3' title="bbox 229 3093 2512 3178">
    <p class='ocr_par' dir='ltr' id='par_1_8' title="bbox 229 3093 2512 3178">
     <span class='ocr_line' id='line_1_26' title="bbox 229 3093 2512 3178; baseline 0.001 -23"><span class='ocrx_word' id='word_1_180' title='bbox 229 3094 419 3178; x_wconf 86' lang='lat' dir='ltr'><strong>quod</strong></span> <span class='ocrx_word' id='word_1_181' title='bbox 479 3116 737 3166; x_wconf 83' lang='lat' dir='ltr'><strong>omnem</strong></span> <span class='ocrx_word' id='word_1_182' title='bbox 797 3094 879 3157; x_wconf 88' lang='lat' dir='ltr'><strong>de</strong></span> <span class='ocrx_word' id='word_1_183' title='bbox 939 3094 1274 3157; x_wconf 81' lang='lat' dir='ltr'><strong>Atlantide</strong></span> <span class='ocrx_word' id='word_1_184' title='bbox 1340 3096 1780 3158; x_wconf 81' lang='lat' dir='ltr'><strong>narrationem</strong></span> <span class='ocrx_word' id='word_1_185' title='bbox 1844 3113 1975 3153; x_wconf 86' lang='lat' dir='ltr'><strong>non</strong></span> <span class='ocrx_word' id='word_1_186' title='bbox 2036 3115 2073 3152; x_wconf 92' lang='lat' dir='ltr'><strong>a</strong></span> <span class='ocrx_word' id='word_1_187' title='bbox 2137 3094 2407 3157; x_wconf 85' lang='lat' dir='ltr'><strong>Platone</strong></span> <span class='ocrx_word' id='word_1_188' title='bbox 2505 3093 2512 3099; x_wconf 73' lang='grc'><strong>’</strong></span> 
     </span>
    </p>
   </div>
   <div class='ocr_carea' id='block_1_4' title="bbox 92 3200 2409 3393">
    <p class='ocr_par' dir='ltr' id='par_1_9' title="bbox 92 3200 2409 3393">
     <span class='ocr_line' id='line_1_27' title="bbox 92 3200 2406 3290; baseline -0.001 -26"><span class='ocrx_word' id='word_1_189' title='bbox 92 3203 101 3209; x_wconf 78' lang='grc'><strong><em>’</em></strong></span> <span class='ocrx_word' id='word_1_190' title='bbox 177 3277 187 3284; x_wconf 27' lang='lat'><em>⁶</em></span> <span class='ocrx_word' id='word_1_191' title='bbox 227 3204 453 3264; x_wconf 81' lang='lat' dir='ltr'><strong>fictam</strong></span> <span class='ocrx_word' id='word_1_192' title='bbox 493 3223 631 3263; x_wconf 82' lang='lat' dir='ltr'><strong>esse</strong></span> <span class='ocrx_word' id='word_1_193' title='bbox 667 3201 1051 3290; x_wconf 73' lang='lat' dir='ltr'><strong>arbitratur,</strong></span> <span class='ocrx_word' id='word_1_194' title='bbox 1112 3200 1224 3262; x_wconf 89' lang='lat' dir='ltr'><strong>sed</strong></span> <span class='ocrx_word' id='word_1_195' title='bbox 1266 3202 1486 3284; x_wconf 82' lang='lat' dir='ltr'><strong>potius</strong></span> <span class='ocrx_word' id='word_1_196' title='bbox 1537 3202 1606 3264; x_wconf 81' lang='lat' dir='ltr'><strong>in</strong></span> <span class='ocrx_word' id='word_1_197' title='bbox 1655 3217 1924 3262; x_wconf 85' lang='lat' dir='ltr'><strong>numero</strong></span> <span class='ocrx_word' id='word_1_198' title='bbox 1966 3221 2188 3266; x_wconf 82' lang='lat' dir='ltr'><strong>earum</strong></span> <span class='ocrx_word' id='word_1_199' title='bbox 2226 3204 2406 3264; x_wconf 84' lang='lat' dir='ltr'><strong>fabu-</strong></span> 
     </span>
     <span class='ocr_line' id='line_1_28' title="bbox 154 3305 2409 3393; baseline -0.002 -21"><span class='ocrx_word' id='word_1_200' title='bbox 154 3315 163 3324; x_wconf 75' lang='grc'><strong>“</strong></span> <span class='ocrx_word' id='word_1_201' title='bbox 225 3312 448 3373; x_wconf 85' lang='lat' dir='ltr'><strong>larum</strong></span> <span class='ocrx_word' id='word_1_202' title='bbox 513 3308 956 3378; x_wconf 84' lang='lat' dir='ltr'><strong>collocandam</strong></span> <span class='ocrx_word' id='word_1_203' title='bbox 979 3353 999 3386; x_wconf 83' lang='lat'><strong><em>,</em></strong></span> <span class='ocrx_word' id='word_1_204' title='bbox 1086 3327 1246 3388; x_wconf 86' lang='lat' dir='ltr'><strong>quas</strong></span> <span class='ocrx_word' id='word_1_205' title='bbox 1287 3316 1569 3389; x_wconf 28' lang='lat' dir='ltr'><strong>“veteres</strong></span> <span class='ocrx_word' id='word_1_206' title='bbox 1633 3308 1714 3368; x_wconf 87' lang='lat' dir='ltr'><strong>de</strong></span> <span class='ocrx_word' id='word_1_207' title='bbox 1775 3305 2044 3390; x_wconf 85' lang='lat' dir='ltr'><strong>perditis</strong></span> <span class='ocrx_word' id='word_1_208' title='bbox 2110 3309 2409 3393; x_wconf 83' lang='lat' dir='ltr'><strong>gentibus</strong></span> 
     </span>
    </p>
   </div>
   <div class='ocr_carea' id='block_1_5' title="bbox 228 3537 2406 3837">
    <p class='ocr_par' dir='ltr' id='par_1_10' title="bbox 228 3537 2406 3837">
     <span class='ocr_line' id='line_1_29' title="bbox 298 3537 2404 3653; baseline -0.002 -20"><span class='ocrx_word' id='word_1_209' title='bbox 298 3583 440 3653; x_wconf 86' lang='grc'>(86)</span> <span class='ocrx_word' id='word_1_210' title='bbox 506 3579 574 3632; x_wconf 80' lang='lat' dir='ltr'><strong>V.</strong></span> <span class='ocrx_word' id='word_1_211' title='bbox 611 3576 1103 3630; x_wconf 76' lang='lat' dir='ltr'><strong>Schleiermacheri</strong></span> <span class='ocrx_word' id='word_1_212' title='bbox 1166 3576 1468 3630; x_wconf 72' lang='lat' dir='ltr'><strong>Introduct.</strong></span> <span class='ocrx_word' id='word_1_213' title='bbox 1524 3537 1685 3646; x_wconf 78' lang='lat' dir='ltr'><strong>Oper.</strong></span> <span class='ocrx_word' id='word_1_214' title='bbox 1723 3540 1932 3630; x_wconf 78' lang='lat' dir='ltr'><strong>Platon.</strong></span> <span class='ocrx_word' id='word_1_215' title='bbox 1972 3578 2123 3629; x_wconf 81' lang='lat' dir='ltr'><strong>Tom.</strong></span> <span class='ocrx_word' id='word_1_216' title='bbox 2162 3576 2211 3638; x_wconf 88' lang='grc' dir='ltr'><strong>Ι,</strong></span> <span class='ocrx_word' id='word_1_217' title='bbox 2247 3592 2301 3646; x_wconf 83' lang='lat' dir='ltr'><strong>p.</strong></span> <span class='ocrx_word' id='word_1_218' title='bbox 2339 3576 2404 3629; x_wconf 80' lang='lat'><strong>35</strong></span> 
     </span>
     <span class='ocr_line' id='line_1_30' title="bbox 228 3669 2406 3746; baseline -0.003 -18"><span class='ocrx_word' id='word_1_219' title='bbox 228 3737 239 3746; x_wconf 23' lang='lat' dir='ltr'>q</span> <span class='ocrx_word' id='word_1_220' title='bbox 368 3679 375 3684; x_wconf 83' lang='grc'><em>’</em></span> <span class='ocrx_word' id='word_1_221' title='bbox 422 3670 618 3744; x_wconf 32' lang='lat' dir='ltr'><strong>&#39;et-45.</strong></span> <span class='ocrx_word' id='word_1_222' title='bbox 655 3674 755 3722; x_wconf 79' lang='lat' dir='ltr'><strong>Ast</strong></span> <span class='ocrx_word' id='word_1_223' title='bbox 788 3669 925 3723; x_wconf 75' lang='lat' dir='ltr'><strong>iiber</strong></span> <span class='ocrx_word' id='word_1_224' title='bbox 968 3672 1188 3724; x_wconf 69' lang='lat' dir='ltr'><strong>Platona</strong></span> <span class='ocrx_word' id='word_1_225' title='bbox 1224 3669 1411 3722; x_wconf 85' lang='lat' dir='ltr'><strong>Leben</strong></span> <span class='ocrx_word' id='word_1_226' title='bbox 1448 3688 1501 3722; x_wconf 90' lang='lat' dir='ltr'><strong>u.</strong></span> <span class='ocrx_word' id='word_1_227' title='bbox 1540 3669 1821 3728; x_wconf 79' lang='lat' dir='ltr'><strong>Schriften</strong></span> <span class='ocrx_word' id='word_1_228' title='bbox 1868 3691 1921 3742; x_wconf 91' lang='lat' dir='ltr'><strong>p.</strong></span> <span class='ocrx_word' id='word_1_229' title='bbox 1964 3674 2064 3740; x_wconf 75' lang='lat'><strong>37²</strong></span> <span class='ocrx_word' id='word_1_230' title='bbox 2100 3686 2216 3740; x_wconf 81' lang='lat' dir='ltr'><strong>sqq.</strong></span> <span class='ocrx_word' id='word_1_231' title='bbox 2269 3670 2406 3725; x_wconf 78' lang='lat' dir='ltr'><strong>Voss</strong></span> 
     </span>
     <span class='ocr_line' id='line_1_31' title="bbox 441 3761 2284 3837; baseline -0.002 -16"><span class='ocrx_word' id='word_1_232' title='bbox 441 3770 554 3822; x_wconf 87' lang='lat' dir='ltr'><strong>alte</strong></span> <span class='ocrx_word' id='word_1_233' title='bbox 585 3765 924 3823; x_wconf 82' lang='lat' dir='ltr'><strong>Weltkunde</strong></span> <span class='ocrx_word' id='word_1_234' title='bbox 957 3786 1014 3837; x_wconf 87' lang='lat' dir='ltr'><strong>p.</strong></span> <span class='ocrx_word' id='word_1_235' title='bbox 1050 3768 1240 3820; x_wconf 78' lang='lat' dir='ltr'><strong>xxvl.</strong></span> <span class='ocrx_word' id='word_1_236' title='bbox 1276 3766 1334 3817; x_wconf 90' lang='lat' dir='ltr'><strong>in</strong></span> <span class='ocrx_word' id='word_1_237' title='bbox 1369 3766 1495 3821; x_wconf 87' lang='lat' dir='ltr'><strong>Jen.</strong></span> <span class='ocrx_word' id='word_1_238' title='bbox 1531 3763 1872 3821; x_wconf 74' lang='lat' dir='ltr'><strong>Litteraturz.</strong></span> <span class='ocrx_word' id='word_1_239' title='bbox 1908 3763 2075 3832; x_wconf 76' lang='lat'><strong>1804,</strong></span> <span class='ocrx_word' id='word_1_240' title='bbox 2113 3763 2182 3820; x_wconf 79' lang='lat' dir='ltr'><strong>T.</strong></span> <span class='ocrx_word' id='word_1_241' title='bbox 2209 3761 2284 3817; x_wconf 87' lang='lat'><strong>11.</strong></span> 
     </span>
    </p>
   </div>
   <div class='ocr_carea' id='block_1_6' title="bbox 293 3871 1933 4047">
    <p class='ocr_par' dir='ltr' id='par_1_11' title="bbox 293 3871 1933 4047">
     <span class='ocr_line' id='line_1_32' title="bbox 295 3871 1270 3954; baseline -0.004 -25"><span class='ocrx_word' id='word_1_242' title='bbox 295 3873 438 3943; x_wconf 81' lang='lat'>(87)</span> <span class='ocrx_word' id='word_1_243' title='bbox 464 3950 477 3954; x_wconf 44' lang='lat'><em>—</em></span> <span class='ocrx_word' id='word_1_244' title='bbox 509 3874 749 3941; x_wconf 83' lang='lat' dir='ltr'><strong>Operum</strong></span> <span class='ocrx_word' id='word_1_245' title='bbox 782 3871 922 3923; x_wconf 83' lang='lat' dir='ltr'><strong>Tom</strong></span> <span class='ocrx_word' id='word_1_246' title='bbox 957 3872 1018 3933; x_wconf 89' lang='lat'><strong>1,</strong></span> <span class='ocrx_word' id='word_1_247' title='bbox 1055 3888 1108 3941; x_wconf 84' lang='lat' dir='ltr'><strong>p.</strong></span> <span class='ocrx_word' id='word_1_248' title='bbox 1148 3872 1270 3925; x_wconf 78' lang='lat'><strong>363.</strong></span> 
     </span>
     <span class='ocr_line' id='line_1_33' title="bbox 293 3961 1933 4047; baseline -0.007 -15"><span class='ocrx_word' id='word_1_249' title='bbox 293 3977 439 4047; x_wconf 83' lang='lat'>(88)</span> <span class='ocrx_word' id='word_1_250' title='bbox 506 3976 809 4047; x_wconf 75' lang='lat' dir='ltr'><strong>Praeparat.</strong></span> <span class='ocrx_word' id='word_1_251' title='bbox 844 3972 1098 4041; x_wconf 73' lang='lat' dir='ltr'><strong>Evangel.</strong></span> <span class='ocrx_word' id='word_1_252' title='bbox 1137 3971 1234 4025; x_wconf 85' lang='lat' dir='ltr'><strong>lib.</strong></span> <span class='ocrx_word' id='word_1_253' title='bbox 1272 3970 1345 4035; x_wconf 78' lang='lat' dir='ltr'><strong>X,</strong></span> <span class='ocrx_word' id='word_1_254' title='bbox 1383 3988 1440 4041; x_wconf 88' lang='lat' dir='ltr'><strong>p.</strong></span> <span class='ocrx_word' id='word_1_255' title='bbox 1478 3972 1574 4039; x_wconf 76' lang='lat'><strong>47¹</strong></span> <span class='ocrx_word' id='word_1_256' title='bbox 1617 3965 1704 4024; x_wconf 85' lang='lat' dir='ltr'><strong>ed&#39;.</strong></span> <span class='ocrx_word' id='word_1_257' title='bbox 1743 3961 1933 4022; x_wconf 68' lang='lat' dir='ltr'><strong>colon.</strong></span> 
     </span>
    </p>
   </div>
   <div class='ocr_carea' id='block_1_7' title="bbox 2797 3273 2798 3862">
    <p class='ocr_par' dir='ltr' id='par_1_12' title="bbox 2797 3273 2798 3862">
     <span class='ocr_line' id='line_1_34' title="bbox 2797 3273 2798 3862; baseline 0 0"><span class='ocrx_word' id='word_1_258' title='bbox 2797 3273 2798 3862; x_wconf 95' lang='lat' dir='ltr'><strong> </strong></span> 
     </span>
    </p>
   </div>
  </div>
 </body>
</html>
