2800 4630
1304 315 1505 380 (36

379 482 661 589 Graecae
731 500 1127 585 antiquitatis
1193 497 1442 559 fabulas
1500 496 1901 582 heroumque
1973 454 2399 582 gentiumque
2457 520 2586 562 reu

379 623 584 697 gestas
627 609 1014 674 carminibus
1067 607 1559 670 celebraverant
1584 651 1602 683 ,
1627 640 1634 649 =
1660 616 1732 667 ut
1772 617 2061 692 tempore
2086 594 2128 687 ,“
2159 629 2290 692 quo
2333 606 2582 669 floruit

376 706 617 798 Solon,
661 719 770 781 vix
815 716 1068 799 insigne
1103 712 1370 796 aliquod
1400 723 1883 795 argumentum,
1932 717 2188 799 poetico
2217 735 2581 776 ornamen-

344 839 446 891 ⁴to
489 826 751 909 carens,
816 823 884 883 in
929 831 1232 907 promptu
1285 823 1477 901 situm
1527 822 1745 887 fuerit.
1848 823 1983 884 Nec
2025 822 2288 905 quidem
2334 820 2578 882 ’Avec-

380 936 509 997 δων
550 933 685 994 sive
744 931 1072 992 Thesei'dis
1133 928 1487 989 defuerunt
1543 937 1807 1011 poetae,
1874 946 2148 1010 quorum
2193 927 2583 1010 antiquissi-

380 1062 519 1105 mus
561 1049 822 1122 putatur
863 1039 1216 1118 Hegesimes
1233 1080 1260 1109 ,
1310 1038 1500 1101 cuius
1555 1058 1791 1099 nomen
1836 1037 1919 1098 ad
1964 1046 2243 1097 nostram
2286 1042 2580 1098 aetatem

381 1149 664 1211 delatum
707 1158 836 1213 est:
900 1147 1013 1207 sed
1057 1146 1324 1205 aliarum
1371 1147 1661 1227 gentium
1716 1145 1890 1207 domi
1935 1144 2337 1225 militiaeque
2382 1165 2579 1226 prae-

371 1258 554 1327 ‚clare
611 1257 781 1336 facta¹
836 1252 1034 1336 epicis
1089 1253 1398 1335 poematis
1453 1254 1661 1316 multo
1703 1250 2105 1337 splendidius
2165 1260 2347 1314 erant
2391 1251 2575 1313 cele-

381 1362 579 1425 brata.
663 1363 748 1422 Et
802 1359 1111 1442 quoniam
1168 1360 1601 1431 Athenienses
1657 1363 1787 1424 tale
1839 1361 2170 1446 quippiam
2211 1360 2398 1421 haud·
2449 1361 2581 1422 du-

379 1469 488 1532 bie
530 1464 850 1531 senserint
891 1483 1208 1546 aegreque
1251 1464 1528 1526 tulerint
1572 1487 1835 1528 necesse
1879 1477 1972 1528 est
2019 1471 2179 1548 (70),
2234 1467 2432 1529 Solon
2483 1470 2580 1530 'ad
2648 1508 2660 1521 ·

383 1573 708 1657 singulare
768 1570 1068 1652 idemque
1125 1568 1325 1651 ipsius
1387 1571 1713 1647 consilio,
1781 1581 1854 1632 ut
1904 1583 2125 1656 postea
2179 1574 2582 1654 docebitur,

382 1687 818 1762 opportunum
837 1684 1282 1758 argumentum
1310 1676 1828 1757 pertractandum
1857 1699 2185 1764 aggressus
2207 1691 2316 1743 est.
2342 1683 2584 1760 Quum

296 1774 299 1781 ¹
383 1789 561 1852 enim
615 1792 761 1869 post
817 1785 994 1865 leges
1038 1781 1534 1844 Atheniensium
1595 1783 1841 1845 civitati
1886 1787 2270 1869 perscriptas
2332 1786 2399 1847 in
2443 1790 2586 1850 Ae-

293 1884 335 1962 j'
385 1904 651 1980 gyptum
693 1889 1207 1976 proficisceretur
1246 1895 1411 1971 (71),
1456 1885 1900 1972 dignissimum
1943 1894 2204 1957 videtur
2244 1895 2365 1957 sibi
2410 1917 2577 1956 con-

385 1998 667 2083 stituisse
724 1997 921 2059 finem
965 2006 1029 2058 et
1072 1995 1254 2078 quasi
1298 1996 1648 2056 terminum
1685 2018 1962 2089 ¹suarum
2023 2004 2526 2064 contentionum·
2554 2047 2578 2081 ‚

312 2110 322 2131 ”
385 2107 882 2185 tit-Athenarum
922 2098 1491 2189 praestantissimas
1520 2124 1807 2189 quasque
1850 2100 2275 2171 vetustissimo
2318 2118 2579 2192 tempo-

387 2234 461 2281 re
504 2234 607 2274 res
652 2219 853 2293 gestas
898 2229 1247 2291 earumque
1290 2230 1537 2292 pugnas
1563 2212 1868 2275 mirificas
1909 2194 2091 2299 ep‘ico
2136 2218 2438 2295 carmine,
2465 2237 2579 2277 ce-

386 2320 687 2385 lebrare&
770 2317 1158 2378 Nec-tamen
1206 2315 1374 2376 intra
1416 2317 1726 2384 ducentos
1768 2323 1906 2386 fere
1950 2348 2150 2387 annos
2192 2317 2408 2406 aliqua
2451 2324 2578 2386 hu·
2615 2333 2620 2342 ‘

389 2419 487 2502 ius
530 2427 627 2487 rei
673 2426 839 2486 facta
884 2430 1020 2486 erat
1060 2420 1303 2482 mentio
1346 2422 1515 2504 apud
1559 2419 1764 2504 ullos,
1809 2431 1924 2512 qni
1968 2431 2045 2492 ad
2090 2452 2205 2496 nos
2249 2439 2577 2511 pervene-

388 2543 574 2609 runt,
619 2531 1001 2612 scriptores,
1047 2527 1256 2589 donec
1301 2528 1483 2590 Plato
1519 2531 1777 2596 divinus
1821 2538 2065 2598 exstitit
2107 2533 2331 2598 auctor
2374 2534 2580 2597 idem-

390 2660 520 2724 que
565 2659 601 2697 a
657 2638 899 2699 Solone
952 2634 1270 2717 originem
1327 2647 1507 2710 suam
1566 2639 1866 2718 trahens,
1928 2643 2041 2724 qui
2105 2639 2581 2704 nobilissimum

391 2745 562 2808 istud
604 2754 827 2827 poetae
856 2731 1163 2828 sapientis
1206 2745 1550 2807 consilium
1577 2791 1595 2824 ‚
1640 2749 1860 2830 paucis
1900 2748 2272 2820 hominihus
2304 2759 2578 2812 eatenus

306 2909 314 2917 .
372 2855 732 2930 xtraditum,
778 2860 844 2913 et
885 2850 1086 2934 ipsius
1124 2852 1425 2914 carminis
1473 2853 2061 2934 adumbrationem,
2123 2857 2201 2916 ab
2245 2856 2466 2918 amicis
2508 2866 2580 2918 et

388 2949 812 3030 familiaribus
868 2965 1183 3019 servatam
1216 3002 1235 3035 ‚
1296 2958 1588 3039 quamvis
1654 2961 1857 3043 (quod
1901 2983 2286 3046 magnopere
2345 2964 2580 3025 dolen-

393 3067 586 3144 dum)
632 3079 763 3127 non
810 3066 1212 3141 absolutum,
1256 3064 1499 3128 ,litteris
1557 3067 1964 3150 mandaverit
2004 3089 2210 3151 eoque
2254 3070 2446 3132 modo
2492 3072 2580 3133 ab

374 3171 724 3244 foblivione
775 3182 967 3266 atque
1010 3195 1048 3234 a
1088 3171 1850 3262 sile'ntioffvindicaverit.

392 3503 396 3524 ¹
462 3485 625 3565 (70)
662 3491 855 3543 Nonne
891 3492 1158 3558 Pericles,
1200 3496 1295 3567 qui
1320 3503 1657 3549 cunctorum
1699 3483 2118 3548 Atheniensium
2155 3498 2453 3553 voluntatis
2488 3501 2581 3554 in-

600 3595 804 3657 tei-pres
839 3584 1126 3642 habendus
1164 3599 1278 3658 est,
1318 3592 1465 3662 apud
1503 3588 1889 3657 Thucydidem
1925 3592 2023 3657 11,
2065 3589 2126 3659 4¹
2159 3591 2273 3649 huc
2302 3596 2580 3666 respicere

594 3680 845 3737 videatur
865 3677 891 3731 ἲ

455 3843 518 3912 (7
533 3843 591 3914 ι)
664 3845 736 3903 V.
779 3842 1034 3897 Herodot.
1075 3839 1140 3905 1,
1183 3861 1252 3914 29
1292 3861 1368 3915 sq.
1406 3845 1681 3901 Heracliti
1727 3847 1936 3904 Pontis,
1969 3848 2171 3915 Fragm.
2219 3848 2572 3908 ed.Koele1-.

592 3938 655 3991 Ν.
704 3956 744 3991 ι.
780 3935 1053 3992 Plutarch.
1092 3935 1272 3991 Solon.
1309 3938 1376 3994 25
1412 3956 1496 4011 sq.
1771 3969 1776 3980 ι
2258 3973 2265 3980 .

642 4287 1383 4589 Δί’]
1639 4299 1950 4591 Β
