2800 4630
1248 327 1338 390 :33

198 518 305 573 αι’
340 512 593 593 regibus
640 509 832 571 huius
878 504 1144 570 insulae.
1187 514 1192 521 ‘
1289 508 1437 584 Quo
1483 506 1749 590 quidem
1792 507 1870 568 ab
1913 484 2395 593 rege-magni&

215 618 593 680 centissimo
638 614 919 701 hospitio
962 624 1303 698 acceptus»,
1357 635 1507 675 cum
1561 636 1768 698 eoque
1831 614 2069 697 insigni
2118 614 2398 697 quodam

213 722 543 785 amicitiae
595 735 660 786 et
700 723 930 813 amoris
965 724 1231 787 vinculo
1286 730 1731 799 conversatus,
1796 721 2009 785 eidem
2049 723 2400 807 persuasit,
2471 763 2480 771 ·

216 841 295 893 ut
341 832 686 914 oppidum,
751 808 931 915 quod
985 839 1288 893 tenuerat
1335 836 1492 889 tunc
1537 828 1873 909 temporis,
1930 822 2404 913 aDemophon-

200 948 287 1001 te
331 938 569 1001 Thesei
613 938 749 999 filio
809 938 1182 1014 conditum,
1245 935 1321 996 ad
1384 932 1673 994 Clarium
1729 933 1969 997 flumen
2025 937 2263 1015 situm,
2324 936 2435 1003 ob

217 1047 359 1108 loci
402 1044 804 1108 sterilitatem
844 1053 910 1108 et
953 1045 1360 1129 asperitatem
1405 1042 1782 1103 transferret
1820 1040 1885 1099 in
1931 1056 2224 1125 campum
2265 1044 2408 1128 pul-

178 1153 545 1232 Xon-iorem,
586 1175 718 1236 quo
762 1138 1439 1227 amoenior‘evaderet
1483 1150 1636 1211 urbs
1678 1157 1869 1239 atque
1914 1142 2207 1230 amplior.
2261 1152 2410 1213 Νο-

220 1282 348 1325 vae
389 1260 587 1323 huius
638 1260 815 1321 urbis
857 1258 1024 1318 bene
1066 1259 1388 1341 regendae
1419 1296 1474 1335 ‚a
1503 1257 1670 1320 vitae
1728 1255 1970 1317 civium
2014 1257 2411 1321 ordinandae

184 1367 717 1448 ‘securitatisque
776 1364 1263 1427 constituendae
1323 1366 1561 1441 Solon,
1623 1365 1688 1423 in
1750 1386 1819 1426 re
1863 1365 2122 1448 publica
2176 1366 2413 1448 guber-

166 1454 171 1457 ’
225 1477 445 1537 nanda
501 1475 581 1535 ab
630 1488 784 1555 rege
838 1470 1049 1535 soci-us·
1102 1485 1415 1537 assumtus
1439 1454 1471 1550 ,⁵
1518 1471 1694 1532 haud
1740 1495 1995 1556 parvam
2045 1474 2239 1556 gessit
2290 1494 2411 1534 cu-

197 1566 407 1661 ¹ram,
450 1580 628 1660 unde
680 1580 955 1656 factum,
1012 1591 1082 1642 ut
1125 1602 1352 1662 magna
1391 1579 1727 1640 hominum
1776 1579 2123 1643 multitudo
2167 1602 2203 1640 e
2245 1589 2413 1643 cete-

225 1689 322 1751 ris
354 1680 623 1772 oppidis
667 1686 748 1748 ad
785 1686 1252 1769 Philocyprum
1300 1686 1681 1748 conflueret.
1766 1688 1993 1769 Neque
2044 1674 2273 1748 Soloni
2314 1688 2417 1748 in-

206 1804 490 1879 ’gratum
523 1812 660 1855 sese
693 1794 989 1876 praebuit
1029 1792 1502 1876 Philocyprus,
1548 1794 1775 1855 urbem
1800 1816 2022 1873 suam,
2065 1795 2245 1876 prius
2280 1796 2411 1854 Ae-

238 1892 464 1984 pe'am,
509 1899 741 1964 deiude
780 1901 966 1962 Solos
1010 1902 1424 1963 nominando.
1467 1901 1878 1978 Plutarchus,
1922 1902 2038 1984 qui
2080 1901 2276 1964 huius
2291 1903 2419 1981 rei

240 2007 692 2071 disertissimus
747 2019 842 2070 est
899 2011 1212 2092 scriptor,
1293 2006 1519 2066 itidem
1588 2007 1869 2069 servavit
1927 2009 2230 2073 carminis
2284 2012 2419 2072 fra-

236 2124 570 2205 gmentum
630 2116 790 2195 (62),
851 2139 886 2176 a
932 2117 1171 2176 Solone
1236 2112 1315 2172 ad
1355 2110 1842 2194 Philocyprum,
1880 2115 2144 2196 scripti,
2232 2118 2416 2180 cuius

234 2222 633 2284 mentionem
675 2243 936 2305 quoque
980 2222 1211 2281 factam
1249 2238 1387 2280 esse
1432 2218 1720 2282 videmus
1763 2221 1936 2304 apud
1977 2231 2257 2303 patrem,
2301 2226 2419 2305 qui

182 2351 189 2360 ·
232 2314 539 2408 dicitur‚·
569 2329 896 2392 historiae.
981 2330 1199 2405 Quum
1243 2327 1421 2387 enim
1464 2325 1861 2406 Herodotus,
1918 2329 2177 2420 Cypriis!
2215 2353 2253 2390 a
2295 2341 2420 2394 ter·
2471 2347 2474 2350 ·

236 2438 431 2500 restri
466 2442 805 2501 Persarum
850 2436 1144 2497 exercitu
1186 2431 1580 2517 profligatis,
1646 2435 2138 2497 interfectorum
2182 2436 2422 2499 ducum

237 2563 507 2606 censum
549 2542 854 2632 haberet,
920 2563 1042 2604 nec
1099 2543 1398 2602 Solorum
1456 2540 1624 2625 regis
1682 2542 1953 2620 oblitus,
2017 2565 2133 2627 pro
2195 2544 2420 2605 innata

241 2651 628 2714 amoenitate
699 2649 765 2709 in
825 2645 1124 2710 carminis
1187 2651 1387 2712 nostri
1451 2651 1769 2734 originem
1839 2649 2047 2712 obiter
2108 2643 2417 2712 nonnihil

244 2765 709 2818 commentatus
753 2766 866 2821 est.
948 2756 1085 2815 Alii
1124 2758 1489 2819 ceciderunt
1530 2794 1614 2805 —-
1680 2772 1864 2838 atque
1913 2755 2239 2818 Soliorum
2267 2795 2272 2800 -
2299 2780 2421 2819 rex

203 2863 740 2950 ,Aristocypruffi
797 2864 1174 2946 Plzilocypri
1202 2863 1395 2947 filius
1415 2910 1441 2937 ,
1501 2866 1673 2925 itlius
1713 2868 2011 2947 inquam,
2071 2886 2252 2946 quem
2295 2865 2448 2942 So-7'
2553 2885 2564 2892 ‘

188 2989 194 2996 ·
247 2969 357 3029 lon
403 2968 853 3046 Atheniensis,
921 2973 987 3028 in
1043 2970 1320 3053 Cyprum
1364 2967 1707 3045 advectus)
1759 2974 2035 3032 carmine
2086 2972 2422 3034 celebravit

250 3088 664 3154 tyrannorum
705 3078 982 3163 maxime
1023 3076 1166 3153 (63).
1269 3077 1400 3156 Qui
1459 3079 1536 3139 ab
1579 3080 1907 3142 Herodoto
1965 3087 2031 3140 et
2070 3078 2421 3141 Plutarcho

188 3233 199 3244 l
241 3248 359 3263 un*

459 3349 531 3398 tis
568 3347 805 3415 elogium
843 3363 924 3400 est
958 3331 1064 3401 etc.
1157 3349 1304 3422 Quid
1343 3358 1426 3403 est
1458 3343 1743 3420 elogium?
1809 3347 1988 3402 Brevis
2023 3349 2304 3420 inscriptio
2338 3348 2427 3401 vel

456 3441 729 3493 sententia
765 3444 824 3493 in
872 3444 1090 3495 laudem
1137 3444 1441 3514 cuiuspiam
1479 3454 1574 3497 aut
1606 3445 2076 3524 vituperationem.
2171 3444 2323 3496 Nihil
2361 3444 2432 3495 ad
2463 3441 2470 3446 ”

457 3534 610 3586 hunc
662 3535 861 3588 locum.
922 3538 1180 3605 Legamus
1227 3539 1438 3608 itaque,
1501 3537 1652 3609 quod
1687 3538 1937 3609 probavit
1981 3542 2027 3595 1.
2055 3539 2128 3591 M.
2154 3539 2429 3590 Gesner-us

455 3624 654 3695 (Thes.
697 3627 752 3679 L.
792 3626 911 3681 Lat.
952 3649 1000 3682 v.
1039 3617 1302 3701 Εἱοςιιιηι
1339 3631 1402 3682 Ν.
1444 3629 1530 3698 2),
1568 3615 1825 3701 Elegium
1857 3633 1896 3682 i.
1939 3648 1991 3699 q.
2029 3629 2343 3698 Ἐλεγεῖον.

320 3721 460 3799 (62)
528 3729 695 3781 Solon
734 3733 817 3783 26.
876 3732 942 3784 cf.
980 3733 1129 3785 Arati
1155 3733 1279 3786 -Vita
1315 3732 1383 3785 ab
1422 3735 1704 3800 Anonymo
1742 3732 2085 3803 conscripta,
2124 3712 2210 3786 ed.
2248 3733 2431 3794 Buhlii
2475 3803 2480 3807 ι

460 3824 523 3876 T.
565 3826 645 3888 11,
704 3843 754 3895 p.
795 3824 915 3892 430.
944 3827 1142 3894 Fragm.
1183 3827 1281 3895 κβῖ
1427 3864 1432 3868 -

324 3925 440 3997 (63)
509 3928 765 3982 Herodot.
805 3931 911 3998 V,¹
936 3934 1046 3985 1¹3.
1088 3931 1156 3985 cf.
1197 3931 1520 3987 Valckenar.
1561 3935 1632 3987 ad
1665 3934 1796 3998 h,11.
