2800 4630
1189 402 1311 501 517

349 581 478 647 Sed
535 583 801 677 fortasse
851 582 1195 685 quisquam
1232 586 1491 649 obiiciat
1533 586 1616 646 in
1645 586 1928 651 carmine
1969 556 2183 651 noitr'o
2237 586 2356 652 hu·

156 708 398 754 manas
441 668 679 753 aetates
718 706 846 752 tam
890 693 1157 774 partite,
1201 704 1331 754 tam
1361 693 1622 756 definite
1660 717 1734 756 ac
1779 696 2104 759 distincte
2115 696 2352 760 deseri·
2424 748 2436 759 ,

154 803 323 878 ptus
347 817 481 857 esse
498 841 518 875 ,
562 807 633 859 ut
659 799 1248 863 Alexandrinorum
1279 801 1506 863 studiis
1535 801 1934 883 potissimum
1964 806 2358 886 respondere

60 906 68 915 '
155 901 519 970 videatur·
579 905 692 968 sed
736 908 1069 994 enim‘vero
1129 908 1454 995 graviores
1495 906 1775 969 rationes
1816 908 2135 969 contraria
2180 928 2358 972 com-

101 1049 107 1053 ·
158 1008 566 1113 probabunt.
666 1012 1093 1098 Hippocrates
1161 1013 1337 1075 enim
1397 1014 1464 1073 in
1532 1011 1720 1071 libro
1754 1012 1936 1074 nobis
1971 1015 2356 1101 deperdito,

165 1116 376 1181 cuius
416 1119 849 1200 fragmentum
890 1120 1173 1195 servavit
1215 1119 1409 1181 Philo
1450 1118 1728 1180 Iudae'us
1782 1093 1890 1193 (Τ.
1911 1120 1978 1198 1,
2010 1142 2072 1202 p.
2077 1121 2192 1199 26)
2257 1121 2359 1184 di·-

152 1223 477 1303 kstinctins
520 1225 712 1290 etiam
756 1228 1031 1289 eandem
1077 1249 1216 1289 rem
1278 1227 1467 1310 longe
1525 1234 1671 1287 ante
1719 1226 2194 1291 Alexandrinos
2239 1248 2357 1289 ex-

162 1342 517 1413 posuerat,
560 1334 854 1425 singulis
922 1336 1229 1396 aetatibus
1290 1335 1617 1417 pecu'liare
1678 1353 1912 1397 nomen
1963 1332 2353 1395 tribuendo.

167 1436 502 1513 παιδιὰν,
530 1452 728 1514 παῖς,
760 1440 1093 1524 μειράκιον
1114 1483 1136 1521 ,
1147 1444 1533 1519 νεανίσκος,
1575 1441 1775 1547 ἀνὴρ,
1812 1440 2222 1522 πρεσβύτης,
2254 1440 2351 1522 γέ-

174 1566 349 1629 ρων.
340 1545 540 1605 Alia
583 1556 872 1630 spectant
906 1557 1169 1631 poetae,
1213 1550 1336 1610 alia
1378 1550 1634 1614 medici.
1721 1522 2161 1631 Quapropter,
2191 1567 2357 1628 quae

174 1650 389 1715 Solon
451 1650 752 1734 poetico,
795 1652 950 1716 licet
990 1654 1213 1717 eodem
1254 1656 1567 1739 simplici,
1609 1662 1985 1717 ornamento
2030 1652 2358 1734 instruxit,

178 1778 265 1819 ea
307 1735 728 1839 Hippocrates
771 1753 918 1819 suis
972 1756 1202 1822 studiis
1251 1738 1788 1850 accommodavit
1855 1770 1919 1820 et
1962 1757 2074 1820 ubi
2130 1770 2359 1824 natura

174 1860 468 1921 ‘humani
513 1863 794 1945 corporis
835 1865 1086 1927 medico
1136 1878 1453 1951 pertenue
1495 1875 1749 1927 tantum
1794 1865 2134 1928 discrimen
2182 1867 2358 1931 fece·

60 1949 68 1962 ’
179 1974 330 2042 rat,
375 1965 444 2026 id
478 1967 737 2028 omnino
778 1971 1163 2051 transilivit,
1207 1973 1291 2040 ad
1332 1973 1604 2033 certiora
1633 1992 2021 2073 progressus.
2078 1973 2173 2035 Re
2207 1996 2355 2037 vera

92 2077 99 2081 ’
180 2060 391 2133 εῐίιιιιι
427 2095 462 2133 a
500 2074 707 2157 poetis
762 2077 1146 2159 quibusdam
1195 2075 1652 2139 vetustioribus
1713 2075 2048 2139 hominum
2092 2087 2361 2145 aetatem

139 2166 143 2168 V
174 2164 609 2243 hebdomadis
652 2182 981 2244 definitam
1032 2203 1209 2273 esse,
1274 2182 1391 2264 qui
1435 2180 1688 2243 disertis
1736 2180 1942 2261 verbis
1985 2185 2359 2281 comproba-

178 2285 399 2365 verit,
464 2287 808 2352 Aristotele
852 2264 1395 2370 (Polit.V11,14‚
1435 2291 1527 2367 ιι)
1569 2287 1746 2349 testis
1775 2287 2045 2371 gravior
2074 2290 2362 2356 inveniri

176 2401 404 2478 potest
442 2414 652 2469 nemo.
755 2394 997 2455 Eadem
1040 2393 1289 2456 ratione
1328 2368 1744 2456 Aristotelem
1795 2394 2159 2478 saepissime
2202 2420 2360 2483 quo·
2401 2470 2414 2482 ,

178 2521 324 2582 que
372 2499 449 2559 in¹
485 2498 755 2562 historia
798 2495 1173 2561 animalium
1213 2520 1398 2560 usum
1441 2513 1575 2561 esse
1620 2498 1957 2559 admonuit
1996 2500 2362 2565 Schneide-
2402 2543 2416 2560 .·

178 2627 344 2683 rus,
389 2604 566 2688 unde
605 2603 866 2670 Solonis
918 2606 1235 2680 rationem
1260 2605 1532 2668 Athenis
1567 2605 1965 2669 increbuisse
2007 2605 2370 2693 collegerit.⁸

185 2712 330 2772 Nec
375 2732 529 2774 vero
575 2710 1018 2790 Camerarius,
1065 2712 1391 2775 Victorius
1436 2721 1499 2773 et
1542 2693 1751 2795 nuper
1792 2714 2205 2778 Adamantius
2247 2718 2369 2801 Co-

184 2826 334 2898 raes
376 2816 453 2878 ab
495 2816 837 2896 Aristotele
879 2820 1222 2912 praecipue
1265 2801 1496 2905 respici
1522 2817 1826 2882 Solonem
1869 2843 2202 2904 negavere.
2229 2826 2367 2885 De·

186 2916 394 3004 nique
449 2923 640 2985 etiam
705 2925 1099 3004 Lucretius,
1153 2935 1224 2987 ut
1282 2947 1434 2992 vere
1497 2926 1831 2987 annotavit
1876 2927 2365 3010 Wakefleidus,

188 3030 276 3091 ad
319 3030 576 3092 Solonis
620 3050 837 3093 versus
879 3030 1258 3112 spectavisse
1308 3030 1603 3107 videtur,
1661 3029 1905 3102 haecce,
1941 3051 2179 3096 canens
2221 3021 2364 3120 (V,

144 3153 149 3154 ’
186 3138 306 3220 67¹
352 3146 510 3223 ⁸114)
1763 3205 1772 3212 x

432 3248 574 3309 Nec
619 3248 823 3307 minus
866 3244 1103 3303 incerto
1147 3239 1388 3303 denteis
1430 3240 1658 3304 cadere
1702 3246 1968 3329 impe-rat
2009 3260 2184 3310 aetas

414 3354 789 3438 Tempore
802 3327 896 3415 et
938 3350 1250 3433 impubem
1289 3350 1469 3411 molli
1502 3352 1841 3433 pubescere
1885 3368 2098 3427 veste,

442 3460 529 3522 Et
564 3465 813 3544 paviter
860 3460 1109 3520 mollem
1147 3457 1330 3518 malis
1368 3455 1713 3517 demittere
1760 3459 2035 3528 barbam.

98 3593 105 3602 ⁸
196 3567 279 3630 Et
319 3587 520 3649 quum
561 3574 658 3626 tot
696 3568 982 3652 variique
1038 3565 1424 3649 scriptores,
1481 3564 1634 3625 licet
1677 3568 1982 3648 seriores,
2036 3579 2100 3631 et
2150 3572 2365 3653 genti-

202 3675 332 3754 les,
378 3682 442 3735 et
483 3672 774 3751 Iudaici,
819 3683 884 3735 et
926 3669 1317 3748 Christiani,
1361 3670 1439 3732 ad
1483 3692 1681 3733 unum
1725 3696 1946 3752 omnes
1989 3675 2056 3735 in
2101 3677 2366 3741 laudau-

202 3781 277 3843 da
325 3781 583 3843 Solonis
629 3778 836 3871 elegia
891 3778 1360 3859 consentiant‚.
1396 3775 1652 3860 altiores
1706 3804 1857 3864 sane
1903 3783 2363 3853 desiderandae

106 3881 109 3889 ’
200 3899 352 3958 sunt
415 3890 729 3968 rationes,
788 3889 1021 3972 quihus
1065 3889 1238 3950 illam
1296 3888 1748 3973 interpolatam
1808 3910 1940 3950 esse
2003 3896 2367 3977 comproba.

204 4004 328 4061 tur.
408 3997 786 4088 Praeterea,
828 3995 1004 4079 quod
1051 3996 1129 4058 ad
1164 4006 1472 4059 summam
1517 3995 1815 4060 carminis
1859 3999 2096 4079 nostri,
2143 4014 2368 4066 aucto-
2417 4036 2430 4052 .

1927 4129 1967 4176 2
