2800 4630
1321 343 1523 408 Ι36

396 539 677 598 Graecae
748 529 1145 613 antiquitatis
1209 525 1459 587 rabulas
1518 524 1918 610 heroumque
1990 525 2411 608 gentiumque
2467 546 2590 588 reu

332 714 341 717 -
397 638 1031 726 gestas‘carmiuibus
1086 635 1576 697 celebraverant
1600 679 1618 711 ,
1645 670 1651 677 »
1676 644 1748 695 ut
1789 643 2078 719 tempore
2102 621 2146 713 ,⁸
2177 654 2307 718 quo
2350 632 2587 695 floruit

394 734 634 827 Solon,
678 748 786 809 vix
832 744 1086 827 insigne
1119 734 1386 824 aliquod
1419 751 1900 824 argumentum,
1948 744 2206 826 poetico
2234 761 2583 802 ornamen-

395 868 464 920 to
507 852 768 939 carens,
833 852 902 912 iu
947 860 1249 936 promptu
1303 849 1495 929 situm
1544 850 1762 915 fuerit.
1865 851 2000 911 Nec
2042 850 2306 932 quidem
2350 838 2584 908 ’Avel-

398 964 526 1026 δων
567 962 702 1035 sive
761 959 1089 1020 Thesei'dis
1150 956 1503 1016 defuerunt
1560 965 1825 1040 poetae,
1887 972 2167 1037 ‘quorum
2211 940 2588 1037 antiquissi-

398 1086 537 1133 mus
578 1077 839 1151 putatur
880 1067 1233 1147 Hegesinus
1249 1106 1276 1137 ,
1328 1065 1516 1128 cuius
1572 1086 1809 1126 nomen
1855 1065 1936 1125 ad
1983 1074 2262 1125 nostram
2303 1068 2587 1125 aetatem

398 1177 680 1240 delatum
724 1186 854 1241 est:
917 1175 1029 1236 sed
1075 1174 1342 1233 aliarum
1387 1174 1677 1256 gentium
1735 1173 1907 1233 domi
1954 1171 2354 1253 militiaeque
2397 1191 2585 1252 prae-

388 1287 571 1356 ¹clare
628 1286 799 1365 facta,
853 1279 1052 1364 epicis
1105 1281 1416 1363 poematis
1471 1281 1679 1342 multo
1720 1278 2123 1364 splendidius
2183 1287 2365 1341 erant
2406 1277 2583 1340 cele·

399 1391 597 1454 bruta.
681 1391 765 1451 Et
819 1388 1129 1471 quoniam
1184 1388 1619 1460 Athenienses
1675 1390 1804 1451 tale
1856 1389 2189 1472 quippiam
2228 1386 2414 1447 haud·
2464 1385 2588 1448 ‹Iu-

398 1498 504 1561 bie
548 1493 867 1559 senserint
908 1512 1225 1574 aegreque
1267 1493 1547 1554 tulerint
1589 1514 1851 1555 necesse
1897 1503 1991 1554 est
2037 1497 2196 1574 (70),
2252 1494 2450 1554 Solon
2493 1495 2586 1555 ‘ad
2648 1533 2660 1547 ·

401 1602 727 1685 singulare
787 1600 1086 1681 idemque
1142 1596 1343 1680 ipsius
1406 1599 1680 1660 consilio
1709 1640 1730 1675 ,
1799 1608 1871 1660 ut
1921 1610 2143 1682 postea
2196 1599 2590 1680 docebitur,

366 1768 369 1773 ,
401 1715 837 1792 opportunum
855 1712 1300 1786 argumentum
1328 1703 1845 1785 pertractandum
1875 1726 2203 1791 aggressus
2225 1718 2334 1769 est.
2360 1710 2593 1786 Quum

312 1802 319 1817 ⁸
402 1814 578 1881 enim
632 1822 779 1898 post
835 1813 1012 1894 leges
1055 1810 1553 1871 Atheniensium
1614 1811 1860 1872 civitati
1904 1813 2287 1896 perscriptas
2349 1812 2417 1873 in
2462 1816 2594 1875 Ae-

312 1914 353 1991 j''
404 1932 671 2008 gyptum
711 1918 1224 2003 proficisceretur
1265 1923 1429 1997 (71),
1475 1913 1917 1999 dignissimum
1960 1920 2222 1982 videtur
2262 1920 2383 1983 sibi
2428 1894 2616 1982 con-⁸

404 2027 686 2113 stituisse
742 2025 939 2087 finem
983 2033 1048 2085 et
1091 2022 1273 2106 quasi
1317 2022 1665 2083 terminum
1704 2045 1980 2115 'suarum
2041 2030 2537 2090 contentionum·
2566 2073 2590 2107 ‚

330 2138 341 2159 ‘¹
404 2135 900 2213 utAthenarum
939 2131 1508 2217 praestantissimas
1538 2154 1825 2216 quasque
1868 2126 2293 2197 vetustissimo
2336 2145 2591 2218 tempo-

406 2262 479 2309 re
523 2261 626 2302 res
670 2247 871 2323 gestas
915 2255 1265 2319 earumque
1308 2257 1554 2320 pugnas
1581 2239 1886 2303 mirificas
1927 2233 2109 2326 ep'ico
2154 2244 2456 2322 carmine,
2485 2263 2591 2303 ρο-

406 2348 705 2413 lebraret.
789 2345 939 2406 Nec.
964 2351 1176 2406 tamen
1223 2344 1393 2404 iutra
1434 2345 1745 2410 ducentos
1785 2351 1924 2413 fere
1967 2374 2169 2413 annos
2211 2352 2428 2433 aliqua
2469 2351 2590 2411 hu-

408 2447 506 2530 ius
549 2455 646 2515 rei
691 2455 859 2515 facta
901 2459 1038 2513 erat
1079 2449 1321 2511 mentio
1365 2451 1534 2532 apud
1577 2447 1782 2531 ullos,
1827 2457 1942 2539 qui
1986 2457 2062 2517 ad
2109 2478 2223 2522 nos
2267 2465 2590 2538 pervene-

407 2570 593 2638 runt,
637 2560 1019 2641 scriptores,
1065 2557 1274 2619 donec
1314 2543 1503 2618 Plato
1538 2558 1796 2624 divinus
1838 2564 2084 2624 exstitit
2126 2559 2351 2625 auctor
2393 2561 2592 2623 idem-

409 2689 539 2752 que
584 2688 620 2726 a
675 2666 917 2727 Solone
971 2664 1288 2747 originem
1346 2688 1526 2738 suam
1586 2668 1885 2746 trahens,
1947 2669 2060 2750 qui
2122 2665 2600 2730 nobilissimum·

410 2773 582 2837 istud
623 2775 847 2856 poetae
875 2759 1182 2856 sapientis
1225 2773 1569 2836 consilium
1597 2820 1614 2852 ,
1660 2776 1879 2857 paucis
1919 2774 2291 2846 hominibus
2324 2785 2591 2838 eatenus

248 2881 271 2892 ’
325 2937 334 2945 ,
392 2883 750 2959 xtraditum,
798 2889 863 2942 et
905 2878 1106 2961 ipsius
1143 2880 1445 2942 carminis
1491 2882 2081 2960 adumbrationem,
2142 2883 2220 2943 ab
2264 2882 2483 2944 amicis
2526 2891 2593 2944 et

409 2977 831 3058 familiaribus
888 2994 1203 3047 servatam
1235 3030 1254 3063 ‚
1316 2986 1608 3067 quamvis
1673 2988 1877 3071 (quod
1920 3011 2305 3072 magnopere
2364 2990 2595 3052 dolen-

413 3094 606 3172 dum)
652 3107 782 3156 non
828 3095 1231 3170 absolutum,
1276 3092 1518 3156 ,litteris
1577 3094 1984 3157 mundaverit
2023 3116 2229 3179 coque
2273 3096 2465 3158 modo
2511 3097 2593 3158 ab

394 3200 743 3274 ‚oblivione
793 3211 986 3293 atque
1030 3224 1067 3263 a
1109 3199 1369 3263 silentio
1416 3201 1869 3269 vindicaverit.
1971 3229 1978 3242 ¹

410 3513 645 3593 (70)
682 3519 876 3571 Nonne
912 3519 1178 3586 Pericles,
1220 3524 1315 3595 qui
1340 3531 1677 3577 cunctorum
1720 3519 2138 3574 Atheniensium
2174 3523 2522 3579 voluntatis
2506 3545 2594 3580 m-

620 3605 824 3685 terpres
859 3612 1146 3671 habendus
1184 3627 1298 3684 est,
1338 3620 1486 3689 apud
1523 3615 1908 3685 Thucydidem
1944 3620 2042 3685 ΙΙ,
2085 3616 2146 3687 4ι
2179 3618 2292 3676 hue
2322 3623 2593 3694 respicere

540 3765 547 3768 ,
614 3706 911 3764 videatur?

476 3872 539 3940 (7
553 3871 610 3942 ι)
684 3872 756 3931 V.
799 3870 1055 3925 Herodot.
1095 3869 1160 3934 1,
1204 3890 1273 3944 ²9
1313 3890 1388 3945 sq.
1427 3875 1700 3929 Heracliti.
1747 3876 1956 3932 Pontic.
1989 3877 2191 3944 Fragm.
2239 3876 2325 3934 ed.
2366 3875 2588 3936 Koaler.

611 3966 675 4019 N.
725 3984 765 4018 ι.
800 3964 1074 4020 Plutarch.
1113 3965 1293 4020 Solon.
1329 3968 1396 4024 25
1432 3986 1518 4040 sq
1791 3999 1796 4006 .
2279 4001 2286 4009 .
